@article{timoteo2016high,
  title={High resilience of seed dispersal webs highlighted by the experimental removal of the dominant disperser},
  author={Tim{\'o}teo, S{\'e}rgio and Ramos, Jaime Albino and Vaughan, Ian Phillip and Memmott, Jane},
  journal={Current Biology},
  volume={26},
  number={7},
  pages={910--915},
  year={2016},
  publisher={Elsevier}
}



@article{bowman2016pyrodiversity,
  title={Pyrodiversity is the coupling of biodiversity and fire regimes in food webs},
  author={Bowman, David MJS and Perry, George LW and Higgins, Steve I and Johnson, Chris N and Fuhlendorf, Samuel D and Murphy, Brett P},
  journal={Philos. Trans. Royal Soc. B},
  volume={371},
  pages={20150169},
  year={2016},
  publisher={The Royal Society}
}


@book{stocker2014climate,
  title={Climate change 2013: the physical science basis: Working Group I contribution to the Fifth assessment report of the Intergovernmental Panel on Climate Change},
  author={Stocker, Thomas},
  year={2014},
  publisher={Cambridge University Press}
}

@article{smith2011ecological,
  title={An ecological perspective on extreme climatic events: a synthetic definition and framework to guide future research},
  author={Smith, Melinda D},
  journal={J. Ecol. },
  volume={99},
  number={3},
  pages={656--663},
  year={2011},
  publisher={Wiley Online Library}
}

@article{brown2017effects,
  title={Effects of fire on pollinators and pollination},
  author={Brown, Julian and York, Alan and Christie, Fiona and McCarthy, Michael},
  journal={Journal of Applied Ecology},
  volume={54},
  number={1},
  pages={313--322},
  year={2017},
  publisher={Wiley Online Library}
}

@article{boisrame2017managed,
  title={Managed wildfire effects on forest resilience and water in the Sierra Nevada},
  author={Boisram{\'e}, Gabrielle and Thompson, Sally and Collins, Brandon and Stephens, Scott},
  journal={Ecosystems},
  volume={20},
  number={4},
  pages={717--732},
  year={2017},
  publisher={Springer, NY}
}

@article{kelly2017using,
  title={Using fire to promote biodiversity},
  author={Kelly, LT and Brotons, L},
  journal={Science},
  volume={355},
  number={6331},
  pages={1264--1265},
  year={2017},
  publisher={American Association for the Advancement of Science}
}

@article{tingley2016pyrodiversity,
  title={Pyrodiversity promotes avian diversity over the decade following forest fire},
  author={Tingley, Morgan W and Ruiz-Guti{\'e}rrez, Viviana and Wilkerson, Robert L and Howell, Christine A and Siegel, Rodney B},
  journal={Proc. R. Soc. B},
  volume={283},
  number={1840},
  pages={20161703},
  year={2016},
  publisher={The Royal Society}
}


@inproceedings{Martin1992,
  Address =	 {Wildland Resources Centre, University of California,
                  Berkeley, CA.},
  Author =	 {Martin, R.E. and Sapsis, D.B.},
  Booktitle =	 {Proceedings of the Symposium on Biodiversity in
                  Northwestern {California}},
  Editor =	 {H.M. Kerner},
  Pages =	 {150--157},
  Title =	 {Fires as agents of biodiversity: pyrodiversity
                  promotes biodiversity},
  Year =	 1992
}

@article{hopkins2007conserving,
  title={Conserving biodiversity in a changing climate: guidance on building capacity to adapt},
  author={Hopkins, JJ and Allison, HM and Walmsley, CA and Gaywood, M and Thurgate, G},
  journal={Guidance on Building Capacity to Adapt. Department of Environment, Food and Rural Affairs, London},
  year={2007}
}


@article{sheffield2008projected,
  title =	 {Projected changes in drought occurrence under future
                  global warming from multi-model, multi-scenario,
                  {IPCC AR4} simulations},
  author =	 {Sheffield, Justin and Wood, Eric F},
  journal =	 {Clim. Dyn.},
  volume =	 31,
  number =	 1,
  pages =	 {79--105},
  year =	 2008,
  publisher =	 {Springer, NY}
}

@article{palmer2002quantifying,
  title={Quantifying the risk of extreme seasonal precipitation events in a changing climate},
  author={Palmer, TN and R{\"a}is{\"a}nen, Jouni},
  journal={Nature},
  volume={415},
  number={6871},
  pages={512},
  year={2002},
  publisher={Nature Publishing Group}
}


@article{oliver2010heterogeneous,
  title={Heterogeneous landscapes promote population stability},
  author={Oliver, Tom and Roy, David B and Hill, Jane K and Brereton, Tom and Thomas, Chris D},
  journal={Ecol. Lett.},
  volume={13},
  number={4},
  pages={473--484},
  year={2010},
  publisher={Wiley Online Library}
}

@article{baiser_motifs_2016,
	title = {Motifs in the assembly of food web networks},
	volume = {125},
	journal = {Oikos},
	author = {Baiser, Benjamin and Elhesha, Rasha and Kahveci, Tamer},
	year = {2016},
	pages = {480--491}
}

@article{capitan2009statistical,
  title={Statistical mechanics of ecosystem assembly},
  author={Capit{\'a}n, Jos{\'e} A and Cuesta, Jos{\'e} A and Bascompte, Jordi},
  journal={Phys. Rev. Lett.},
  volume={103},
  number={16},
  pages={168101},
  year={2009},
  publisher={APS}
}

@article{gillespie2017ancient,
  title={Ancient biogeography of generalist predators on remote oceanic islands},
  author={Gillespie, RG and Brewer, MS and Roderick, GK},
  journal={J. Biogeogr.},
  volume={44},
  number={5},
  pages={1098--1109},
  year={2017},
  publisher={Wiley Online Library}
}

@article{haerter2016food,
  title={Food web assembly rules for generalized Lotka-Volterra equations},
  author={Haerter, Jan O and Mitarai, Namiko and Sneppen, Kim},
  journal={PLoS Comput. Biol.},
  volume={12},
  number={2},
  pages={e1004727},
  year={2016},
  publisher={Public Library of Science}
}

@article{yeakel2014collapse,
  title={Collapse of an ecological network in Ancient {Egypt}},
  author={Yeakel, Justin D and Pires, Mathias M and Rudolf, Lars and Dominy, Nathaniel J and Koch, Paul L and Guimar{\~a}es Jr., Paulo R and Gross, Thilo},
  journal={Proc. Natl. Acad. Sci. U.S.A.},
  volume={111},
  number={40},
  pages={14472--14477},
  year={2014},
  publisher={National Acad Sciences}
}

@incollection{olesen2010broadstone,
  title={From Broadstone to Zackenberg: space, time and hierarchies in ecological networks},
  author={Olesen, Jens M and Dupont, Yoko L and O'Gorman, Eoin and Ings, Thomas C and Layer, Katrin and Meli{\'a}n, Carlos J and Tr{\o}jelsgaard, Kristian and Pichler, Doris E and Rasmussen, Claus and Woodward, Guy},
  booktitle={Advances in ecological research},
  volume={42},
  pages={1--69},
  year={2010},
  publisher={Elsevier: Amsterdam, Netherlands}
}

@article{holt1999trophic,
  title={Trophic rank and the species--area relationship},
  author={Holt, Robert D and Lawton, John H and Polis, Gary A and Martinez, Neo D},
  journal={Ecology},
  volume={80},
  number={5},
  pages={1495--1504},
  year={1999},
  publisher={Wiley Online Library}
}

@article{fahimipour_dynamics_2014,
	title = {The dynamics of assembling food webs},
	volume = {17},
	journal = {Ecol. Lett.},
	author = {Fahimipour, Ashkaan K. and Hein, Andrew M.},
	year = {2014},
	pages = {606--613}
}

@article{maherali_influence_2007,
	title = {Influence of phylogeny on fungal community assembly and ecosystem functioning},
	volume = {316},
	copyright = {American Association for the Advancement of Science},
	issn = {0036-8075, 1095-9203},
	url = {http://science.sciencemag.org/content/316/5832/1746},
	number = {5832},
	journal = {Science},
	author = {Maherali, Hafiz and Klironomos, John N.},
	month = jun,
	year = {2007},
	pmid = {17588930},
	keywords = {bef, community assembly, network assembly},
	pages = {1746--1748}
}




@article{adler_trait-based_2013,
	title = {Trait-based tests of coexistence mechanisms.},
	volume = {16},
	journal = {Ecol. Lett.},
	author = {Adler, Peter B. and Fajardo, Alex and Kleinhesselink, Andrew R. and Kraft, Nathan J. B.},
	year = {2013},
	pages = {1294--1306}
}

@article{mayfield_opposing_2010,
	title = {Opposing effects of competitive exclusion on the phylogenetic structure of communities.},
	volume = {13},
	number = {9},
	journal = {Ecol. Lett.},
	author = {Mayfield, Margaret M. and Levine, Jonathan M.},
	year = {2010},
	pages = {1085--1093}
}

@article{Aizen2012,
  Author =	 {Aizen, Marcelo A and Sabatino, Malena and
                  Tylianakis, Jason M},
  Journal =	 {Science},
  Number =	 6075,
  Pages =	 {1486--1489},
  Publisher =	 {American Association for the Advancement of Science},
  Title =	 {Specialization and rarity predict nonrandom loss of
                  interactions from mutualist networks},
  Volume =	 335,
  Year =	 2012
}

@article{stroud2016ecological,
  title={Ecological opportunity and adaptive radiation},
  author={Stroud, James T and Losos, Jonathan B},
  journal={Annu. Rev. Ecol. Evol. Syst.},
  volume={47},
  year={2016}
}

@article{piechnik2008food,
  title={Food-web assembly during a classic biogeographic study: Species’“trophic breadth” corresponds to colonization order},
  author={Piechnik, Denise A and Lawler, Sharon P and Martinez, Neo D},
  journal={Oikos},
  volume={117},
  number={5},
  pages={665--674},
  year={2008},
  publisher={Wiley Online Library}
}

@article{fukami2015historical,
  title={Historical contingency in community assembly: integrating niches, species pools, and priority effects},
  author={Fukami, Tadashi},
  journal={Annu. Rev. Ecol. Evol. Syst.},
  volume={46},
  year={2015}
}

@article{gravel2011trophic,
  title={Trophic theory of island biogeography},
  author={Gravel, Dominique and Massol, Fran{\c{c}}ois and Canard, Elsa and Mouillot, David and Mouquet, Nicolas},
  journal={Ecol. Lett.},
  volume={14},
  number={10},
  pages={1010--1016},
  year={2011},
  publisher={Wiley Online Library}
}

@article{adler2007niche,
  title={A niche for neutrality},
  author={Adler, Peter B and HilleRisLambers, Janneke and Levine, Jonathan M},
  journal={Ecol. Lett.},
  volume={10},
  number={2},
  pages={95--104},
  year={2007},
  publisher={Wiley Online Library}
}

@article{chesson2000mechanisms,
  title={Mechanisms of maintenance of species diversity},
  author={Chesson, Peter},
  journal={Annu. Rev. Ecol. Evol. Syst.},
  volume={31},
  number={1},
  pages={343--366},
  year={2000},
  publisher={Annual Reviews 4139 El Camino Way, PO Box 10139, Palo Alto, CA 94303-0139, U.S.A.}
}

@article{ricklefs2002concept,
	Author = {Ricklefs, Robert E and Bermingham, Eldredge},
	Journal = {Glob. Ecol. Biogeogr.},
	Number = 5,
	Pages = {353--361},
	Publisher = {Wiley Online Library},
	Title = {The concept of the taxon cycle in biogeography},
	Volume = 11,
	Year = 2002
    }
    
    @article{pigot2016quantifying,
	Author = {Pigot, Alexander L and Bregman, Tom and Sheard, Catherine and Daly, Benjamin and Etienne, Rampal S and Tobias, Joseph A},
	Journal = {Proc. R. Soc. B},
	Number = 1844,
	Pages = 20161597,
	Title = {Quantifying species contributions to ecosystem processes: a global assessment of functional trait and phylogenetic metrics across avian seed-dispersal networks},
	Volume = 283,
	Year = 2016}

@article{gomez2010ecological,
  title={Ecological interactions are evolutionarily conserved across the entire tree of life},
  author={Gomez, Jose M and Verd{\'u}, Miguel and Perfectti, Francisco},
  journal={Nature},
  volume={465},
  number={7300},
  pages={918},
  year={2010},
  publisher={Nature Publishing Group}
}

@article{bolnick2007comparative,
	Author = {Bolnick, Daniel I and Svanb{\"a}ck, Richard and Ara{\'u}jo, M{\'a}rcio S and Persson, Lennart},
	Journal = {Proc. Natl. Acad. Sci. U.S.A.},
	Number = 24,
	Pages = {10075--10079},
	Publisher = {National Acad Sciences},
	Title = {Comparative support for the niche variation hypothesis that more generalized populations also are more heterogeneous},
	Volume = 104,
	Year = 2007}

@article{bolnick2010ecological,
	Author = {Bolnick, Daniel I and Ingram, Travis and Stutz, William E and Snowberg, Lisa K and Lau, On Lee and Paull, Jeff S},
	Journal = {Proc. R. Soc. Lond., B, Biol. Sci.},
	Number = 1689,
	Pages = {1789--1797},
	Publisher = {The Royal Society},
	Title = {Ecological release from interspecific competition leads to decoupled changes in population and individual niche width},
	Volume = 277,
	Year = 2010}

@article{bolnick2011intraspecific,
	Author = {Bolnick, Daniel I and Amarasekare, Priyanga and Ara{\'u}jo, M{\'a}rcio S and B{\"u}rger, Reinhard and Levine, Jonathan M and Novak, Mark and Rudolf, Volker HW and Schreiber, Sebastian J and Urban, Mark C and Vasseur, David A},
	Journal = {Trends Ecol. Evol.},
	Number = 4,
	Pages = {183--192},
	Publisher = {Elsevier},
	Title = {Why intraspecific trait variation matters in community ecology},
	Volume = 26,
	Year = 2011}
    
    @article{bolnick2002ecology,
	Author = {Bolnick, Daniel I and Svanb{\"a}ck, Richard and Fordyce, James A and Yang, Louie H and Davis, Jeremy M and Hulsey, C Darrin and Forister, Matthew L},
	Journal = {Am. Nat.},
	Number = 1,
	Pages = {1--28},
	Publisher = {The University of Chicago Press: Chicago, IL},
	Title = {The ecology of individuals: incidence and implications of individual specialization},
	Volume = 161,
	Year = 2002}


@article{araujo2011ecological,
  title={The ecological causes of individual specialisation},
  author={Ara{\'u}jo, M{\'a}rcio S and Bolnick, Daniel I and Layman, Craig A},
  journal={Ecol. Lett.},
  volume={14},
  number={9},
  pages={948--958},
  year={2011},
  publisher={Wiley Online Library}
}

@article{bolnick2001intraspecific,
  title={Intraspecific competition favours niche width expansion in Drosophila melanogaster},
  author={Bolnick, Daniel I},
  journal={Nature},
  volume={410},
  number={6827},
  pages={463},
  year={2001},
  publisher={Nature Publishing Group}
}

@article{levin1981dispersal,
  title={Dispersal versus gene flow in plants},
  volumne=68,
  author={Levin, Donald A},
  journal={Ann. Missouri Bot. Gard.},
  pages={233--253},
  year={1981},
  publisher={JSTOR}
}

@article{pellmyr1996evolution,
  title={Evolution of pollination and mutualism in the yucca moth lineage},
  author={Pellmyr, Olle and Thompson, John N and Brown, Jonathan M and Harrison, Richard G},
  journal={Am. Nat.},
  volume={148},
  number={5},
  pages={827--847},
  year={1996},
  publisher={University of Chicago Press}
}

@inproceedings{hutchinson1957Concluding,
  title={Concluding remarks},
  author={Hutchinson, M},
  booktitle={Cold Spring Harbour Symposia on quantitative biology: population studies: animal ecology and demography. Cold Spring Harbor Laboratory, Cold Spring Harbor, New York, U.S.A.},
  pages={415--427},
  year=1957
}


@Article{Post2009,
  Title =	 {Eco-evolutionary feedbacks in community and
                  ecosystem ecology: interactions between the
                  ecological theatre and the evolutionary play},
  Author =	 {Post, David M and Palkovacs, Eric P},
  Journal =	 {Phil. Trans. R. Soc. B},
  Year =	 2009,
  Number =	 1523,
  Pages =	 {1629--1640},
  Volume =	 364
}

@article{saavedra2011strong,
  title={Strong contributors to network persistence are the most vulnerable to extinction},
  author={Saavedra, Serguei and Stouffer, Daniel B and Uzzi, Brian and Bascompte, Jordi},
  journal={Nature},
  volume={478},
  number={7368},
  pages={233},
  year={2011},
  publisher={Nature Publishing Group}
}


  @Manual{R,
    title = {R: A Language and Environment for Statistical Computing},
    author = {{R Core Team}},
    organization = {R Foundation for Statistical Computing},
    address = {Vienna, Austria},
    year = {2019},
    url = {https://www.R-project.org/},
  }


@book{Rosenzweig1995,
  title =	 {Species Diversity in Space and Time},
  author =	 {Rosenzweig, Michael L},
  year =	 1995,
  publisher =	 {Cambridge University Press}
}

@article{Macarthur1961,
  title =	 {On bird species diversity},
  author =	 {MacArthur, Robert H and MacArthur, John W},
  journal =	 {Ecology},
  volume =	 42,
  number =	 3,
  pages =	 {594--598},
  year =	 1961,
  publisher =	 {Eco Soc America}
}

@article{Macarthur1964,
  title =	 {Competition, habitat selection, and character
                  displacement in a patchy environment},
  author =	 {MacArthur, Robert and Levins, Richard},
  journal =	 {Proc. Natl. Acad. Sci. U.S.A.},
  volume =	 51,
  number =	 6,
  pages =	 1207,
  year =	 1964,
  publisher =	 {National Academy of Sciences}
}

@Article{deMeester2014,
  Title =	 {Eco-evolutionary dynamics in freshwater systems},
  Author =	 {De Meester, Luc and Pantel, Jelena},
  Journal =	 {J. Limn.},
  Year =	 2014,
  Number =	 {s1},
  Volume =	 73
}



@Article{Guill2008,
  Title =	 {Emergence of complexity in evolving niche-model food
                  webs},
  Author =	 {Christian Guill and Barbara Drossel},
  Journal =	 {J. Theor. Biol.},
  Year =	 2008,
  Number =	 1,
  Pages =	 {108-120},
  Volume =	 251
}


@Article{Drossel2004,
  Title =	 {The impact of nonlinear functional responses on the
                  long-term evolution of food web structure},
  Author =	 {Barbara Drossel and Alan J. McKane and Christopher
                  Quince},
  Journal =	 {J. Theor. Biol.},
  Year =	 2004,
  Number =	 4,
  Pages =	 {539-548},
  Volume =	 229
}


@Article{Caldarelli1998,
  Title =	 {Modelling coevolution in multispecies communities},
  Author =	 {Guido Caldarelli and Paul G. Higgs and Alan
                  J. McKane},
  Journal =	 {J. Theor. Biol.},
  Year =	 1998,
  Pages =	 {345-358},
  Volume =	 193
}

@Article{Drossel2001,
  Title =	 {The Influence of Predator-Prey Population Dynamics
                  on the Long-term Evolution of Food Web Structure},
  Author =	 {Barbara Drossel and Paul G. Higgs and Alan
                  J. McKane},
  Journal =	 {J. Theor. Biol.},
  Year =	 2001,
  Number =	 1,
  Pages =	 {91--107},
  Volume =	 208
}


@article{ponisio2016pyrodiversity,
  title={Pyrodiversity begets plant--pollinator community diversity},
  author={Ponisio, Lauren C and Wilkin, Kate and M'gonigle, Leithen K and Kulhanek, Kelly and Cook, Lindsay and Thorp, Robbin and Griswold, Terry and Kremen, Claire},
  journal={Global Change Biol.},
  volume={22},
  number={5},
  pages={1794--1808},
  year={2016},
  publisher={Wiley Online Library}
}

@article{ponisio2017opportunistic,
  title={Opportunistic attachment assembles plant--pollinator networks},
  author={Ponisio, Lauren C and Gaiarsa, Marilia P and Kremen, Claire},
  journal={Ecol. Lett.},
  volume={20},
  number={10},
  pages={1261--1272},
  year={2017},
  publisher={Wiley Online Library}
}

@article{simberloff1969experimental,
  title={Experimental zoogeography of islands: the colonization of empty islands},
  author={Simberloff, Daniel S and Wilson, Edward O},
  journal={Ecology},
  volume={50},
  number={2},
  pages={278--296},
  year={1969},
  publisher={Wiley Online Library}
}

@article{simberloff1974equilibrium,
  title={Equilibrium theory of island biogeography and ecology},
  author={Simberloff, Daniel S},
  journal={Annu. Rev. Ecol. Evol. Syst.},
  volume={5},
  number={1},
  pages={161--182},
  year={1974},
  publisher={Annual Reviews 4139 El Camino Way, PO Box 10139, Palo Alto, CA 94303-0139, U.S.A.}
}

@article{rosenzweig1978competitive,
  title={Competitive speciation},
  author={Rosenzweig, Michael L},
  journal={Biol. J. Linnean Soc.},
  volume={10},
  number={3},
  pages={275--289},
  year={1978},
  publisher={Oxford University Press: Oxford, UK}
}

@article{grant2006evolution,
  title={Evolution of character displacement in Darwin's finches},
  author={Grant, Peter R and Grant, B Rosemary},
  journal={science},
  volume={313},
  number={5784},
  pages={224--226},
  year={2006},
  publisher={American Association for the Advancement of Science}
}

@article{travisano2000studies,
  title={Studies of adaptive radiation using model microbial systems},
  author={Travisano, Michael and Rainey, Paul B},
  journal={Am. Nat.},
  volume={156},
  number={S4},
  pages={S35--S44},
  year={2000},
  publisher={The University of Chicago Press}
}

@article{day2004competitive,
  title={Competitive and facilitative evolutionary diversification},
  author={Day, Troy and Young, Kyle A},
  journal={AIBS Bulletin},
  volume={54},
  number={2},
  pages={101--109},
  year={2004},
  publisher={American Institute of Biological Sciences}
}

@article{rainey1998adaptive,
  title={Adaptive radiation in a heterogeneous environment},
  author={Rainey, Paul B and Travisano, Michael},
  journal={Nature},
  volume={394},
  number={6688},
  pages={69--72},
  year={1998},
  publisher={Nature Publishing Group}
}

@article{lerner2011multilocus,
  title={Multilocus resolution of phylogeny and timescale in the extant adaptive radiation of Hawaiian honeycreepers},
  author={Lerner, Heather RL and Meyer, Matthias and James, Helen F and Hofreiter, Michael and Fleischer, Robert C},
  journal={Curr. Biol.},
  volume={21},
  number={21},
  pages={1838--1844},
  year={2011},
  publisher={Elsevier}
}

@book{grant1999ecology,
  title={Ecology and evolution of Darwin's finches},
  author={Grant, Peter R},
  year={1999},
  publisher={Princeton University Press: Princeton, NJ}
}

@article{losos2010adaptive,
  title={Adaptive radiation, ecological opportunity, and evolutionary determinism},
  author={Losos, Jonathan B},
  journal={Am. Nat.},
  volume={175},
  number={6},
  pages={623--639},
  year={2010},
  publisher={The University of Chicago Press}
}

@article{wilson1961nature,
  title={The nature of the taxon cycle in the Melanesian ant fauna},
  author={Wilson, Edward O},
  journal={Am. Nat.},
  volume={95},
  number={882},
  pages={169--193},
  year={1961},
  publisher={Science Press}
}

@article{roughgarden1972evolution,
  title={Evolution of niche width},
  author={Roughgarden, Jonathan},
  journal={Am. Nat.},
  volume={106},
  number={952},
  pages={683--718},
  year={1972},
  publisher={University of Chicago Press}
}

@article{losos2000analysis,
  title={Analysis of an evolutionary species--area relationship},
  author={Losos, Jonathan B and Schluter, Dolph},
  journal={Nature},
  volume={408},
  number={6814},
  pages={847},
  year={2000},
  publisher={Nature Publishing Group}
}

@article{ackermann2004evolution,
  title={Evolution of niche width and adaptive diversification},
  author={Ackermann, Martin and Doebeli, Michael},
  journal={Evolution},
  volume={58},
  number={12},
  pages={2599--2612},
  year={2004},
  publisher={BioOne}
}

@article{nogales2016seed,
  title={Seed-dispersal networks on the{C}anaries and the {G}al{\'a}pagos archipelagos: interaction modules as biogeographical entities},
  author={Nogales, Manuel and Heleno, Ruben and Rumeu, Beatriz and Gonz{\'a}lez-Castro, Aar{\'o}n and Traveset, Anna and Vargas, Pablo and Olesen, Jens M},
  journal={Global Ecol. and Biogeogr.},
  volume={25},
  number={7},
  pages={912--922},
  year={2016},
  publisher={Wiley Online Library}
}

@book{carlquist1974island,
  title={Island biology},
  author={Carlquist, Sherwin},
  publisher={Columbia University Press: New York \& London},
  year={1974}
}

@article{yeaton1974ecological,
  title={An ecological analysis of chaparral and pine forest bird communities on Santa Cruz Island and mainland {California}},
  author={Yeaton, Richard Ivan},
  journal={Ecology},
  volume={55},
  number={5},
  pages={959--973},
  year={1974},
  publisher={Wiley Online Library}
}

@article{werner1987behavioral,
  title={Behavioral feeding specialization in Pinaroloxias inornata, the “Darwin's finch” of Cocos Island, Costa Rica},
  author={Werner, Tracey K and Sherry, Thomas W},
  journal={Proc. Natl. Acad. Sci. U.S.A.},
  volume={84},
  number={15},
  pages={5506--5510},
  year={1987},
  publisher={National Acad Sciences}
}


@article{allan2011more,
  title={More diverse plant communities have higher functioning over time due to turnover in complementary dominant species},
  author={Allan, Eric and Weisser, Wolfgang and Weigelt, Alexandra and Roscher, Christiane and Fischer, Markus and Hillebrand, Helmut},
  journal={Proc. Natl. Acad. Sci. U.S.A},
  volume={108},
  number={41},
  pages={17034--17039},
  year={2011},
  publisher={National Acad Sciences}
}

@article{mouillot2013functional,
  title={A functional approach reveals community responses to disturbances},
  author={Mouillot, David and Graham, Nicholas AJ and Vill{\'e}ger, S{\'e}bastien and Mason, Norman WH and Bellwood, David R},
  journal={Trends Ecol. Evol.},
  volume={28},
  number={3},
  pages={167--177},
  year={2013},
  publisher={Elsevier}
}

@article{yachi1999biodiversity,
  title={Biodiversity and ecosystem productivity in a fluctuating environment: the insurance hypothesis},
  author={Yachi, Shigeo and Loreau, Michel},
  journal={Proc. Natl. Acad. Sci. U.S.A},
  volume={96},
  number={4},
  pages={1463--1468},
  year={1999},
  publisher={National Acad Sciences}
}

@article{oliver2015biodiversity,
  title={Biodiversity and resilience of ecosystem functions},
  author={Oliver, Tom H and Heard, Matthew S and Isaac, Nick JB and Roy, David B and Procter, Deborah and Eigenbrod, Felix and Freckleton, Rob and Hector, Andy and Orme, C David L and Petchey, Owen L and others},
  journal={Trends Ecol. Evol.},
  volume={30},
  number={11},
  pages={673--684},
  year={2015},
  publisher={Elsevier}
}

@Article{grimm1997babel,
author={Grimm, V.
and Wissel, Christian},
title={Babel, or the ecological stability discussions: an inventory and analysis of terminology and a guide for avoiding confusion},
journal={Oecologia},
year={1997},
volume={109},
number={3},
pages={323--334},

}

	@article{van2007history,
  title={The history and evolution of wildland fire use},
  author={Van Wagtendonk, Jan W},
  journal={Fire Ecol.},
  volume={3},
  number={2},
  pages={3--17},
  year={2007},
  publisher={Springer}
}




@article{armbruster1998switch,
  title={Switch from specialized to generalized pollination},
  author={Armbruster, W Scott and Baldwin, Bruce G},
  journal={Nature},
  volume={394},
  number={6694},
  pages={632},
  year={1998},
  publisher={Nature Publishing Group}
}

@article{nobre2010vertical,
  title={Vertical transmission as the key to the colonization of Madagascar by fungus-growing termites?},
  author={Nobre, T and Eggleton, P and Aanen, DK},
  journal={Proc. R. Soc. Lond., B, Biol. Sci.},
  volume={277},
  number={1680},
  pages={359--365},
  year={2010},
  publisher={The Royal Society}
}

@book{wallace1891natural,
  title={Natural selection and tropical nature: essays on descriptive and theoretical biology},
  author={Wallace, Alfred Russel},
  year={1891},
  publisher={Macmillan and Company: London, UK}
}

@article{hembry2014coevolution,
  title={Coevolution and the diversification of life},
  author={Hembry, David H and Yoder, Jeremy B and Goodman, Kari Roesch},
  journal={Am. Nat.},
  volume={184},
  number={4},
  pages={425--438},
  year={2014},
  publisher={University of Chicago Press Chicago, IL}
}

@article{yoder2010does,
  title={When does coevolution promote diversification?},
  author={Yoder, Jeremy B and Nuismer, Scott L},
  journal={Am. Nat.},
  volume={176},
  number={6},
  pages={802--817},
  year={2010},
  publisher={The University of Chicago Press}
}

@article{armbruster2009associations,
  title={Associations between floral specialization and species diversity: cause, effect, or correlation?},
  author={Armbruster, W Scott and Muchhala, Nathan},
  journal={Evol. Ecol.},
  volume={23},
  number={1},
  pages={159},
  year={2009},
  publisher={Springer, NY}
}

@book{schluter2000ecology,
  title={The ecology of adaptive radiation},
  author={Schluter, Dolph},
  year={2000},
  publisher={OUP Oxford: Oxford, UK}
}

@article{abrams1983theory,
  title={The theory of limiting similarity},
  author={Abrams, Peter},
  journal={Annu. Rev. Ecol. Evol. Syst.},
  volume={14},
  number={1},
  pages={359--376},
  year={1983},
  publisher={Annual Reviews 4139 El Camino Way, PO Box 10139, Palo Alto, CA 94303-0139, U.S.A.}
}

@article{macarthur1967limiting,
  title={The limiting similarity, convergence, and divergence of coexisting species},
  author={Macarthur, Robert and Levins, Richard},
  journal={Am. Nat.},
  volume={101},
  number={921},
  pages={377--385},
  year={1967},
  publisher={Science Press}
}

@article{hillerislambers2012rethinking,
  title={Rethinking community assembly through the lens of coexistence theory},
  author={HilleRisLambers, J and Adler, PB and Harpole, WS and Levine, JM and Mayfield, MM},
  journal={Annu. Rev. Ecol. Evol. Syst.},
  volume={43},
  year={2012}
}


@article{Potts2001,
  Author =	 {Potts, S. G. and Dafni, A and Ne'eman, G.},
  Journal =	 {Oikos},
  Pages =	 71,
  Title =	 {Pollination of a core flowering shrub species in
                  Mediterranean phrygana: variation in pollinator
                  diversity, abundance and effectiveness in response
                  to fire},
  Volume =	 92,
  Year =	 2001
}

@article{Potts2003,
  Author =	 {Potts, Simon and Vulliamy, Betsy and Dafni, Amots
                  and Ne'eman, Gidi and Willmer, Pat},
  Journal =	 {Oikos},
  Pages =	 103,
  Title =	 {Response of Plant-Pollinator Communities to Fire:
                  Changes in Diversity, Abundance and Floral Reward
                  Structure},
  Volume =	 101,
  Year =	 2003
}

@article{vidal2014frugivores,
  title={Frugivores at higher risk of extinction are the key elements of a mutualistic network},
  author={Vidal, Mariana M and Hasui, Erica and Pizo, Marco A and Tamashiro, Jorge Y and Silva, Wesley R and Guimaraes, Paulo R},
  journal={Ecology},
  volume={95},
  number={12},
  pages={3440--3447},
  year={2014},
  publisher={Wiley Online Library}
}

@article{Chao2005,
  Author =	 {Chao, Anne and Chazdon, Robin L. and Colwell, Robert
                  K. and Shen, Tsung-Jen},
  Journal =	 {Ecol. Lett.},
  Number =	 2,
  Pages =	 {148--159},
  Title =	 {A new statistical approach for assessing similarity
                  of species composition with incidence and abundance
                  data},
  Volume =	 8,
  Year =	 2005
}


@article{winfree2014species,
  title={Species abundance, not diet breadth, drives the persistence of the most linked pollinators as plant-pollinator networks disassemble},
  author={Winfree, Rachael and Williams, Neal M and Dushoff, Jonathan and Kremen, Claire},
  journal={Am. Nat.},
  volume={183},
  number={5},
  pages={600--611},
  year={2014},
  publisher={University of Chicago Press Chicago, IL}
}

@article{chao2009sufficient,
  title={Sufficient sampling for asymptotic minimum species richness estimators},
  author={Chao, Anne and Colwell, Robert K and Lin, Chih-Wei and Gotelli, Nicholas J},
  journal={Ecology},
  volume={90},
  number={4},
  pages={1125--1133},
  year={2009},
  publisher={Wiley Online Library}
}

@article{Chase2011,
  title =	 {Using null models to disentangle variation in
                  community dissimilarity from variation in
                  $\alpha$-diversity},
  author =	 {Chase, Jonathan M and Kraft, Nathan JB and Smith,
                  Kevin G and Vellend, Mark and Inouye, Brian D},
  journal =	 {Ecosphere},
  volume =	 2,
  number =	 2,
  pages =	 {art24},
  year =	 2011,
  publisher =	 {Eco Soc America}
}

@article{van2012factors,
  title =	 {Factors associated with the severity of intersecting
                  fires in {Yosemite National Park}, {California}, {USA}},
  author =	 {van Wagtendonk, Jan W and van Wagtendonk, Kent A and
                  Thode, Andrea E},
  journal =	 {Fire Ecol.},
  volume =	 8,
  number =	 1,
  pages =	 {11--31},
  year =	 2012
}


@misc{yose2012Yosemite,
  title =	 {{Yosemite National Park} fire history polygons, 1930
                  - 2011},
  author =	 {{Yosemite National Park}},
  year =	 2012
}


@article{miller2007quantifying,
  title =	 {Quantifying burn severity in a heterogeneous
                  landscape with a relative version of the delta
                  {Normalized Burn Ratio} (dNBR)},
  author =	 {Miller, Jay D and Thode, Andrea E},
  journal =	 {Remote Sens. Environ.},
  volume =	 109,
  number =	 1,
  pages =	 {66--80},
  year =	 2007,
  publisher =	 {Elsevier}
}

@misc{miller2012Yosemite,
  title =	 {{Yosemite National Park} Wildfire Fire Severity from
                  1984 to 2010},
  author =	 {Miller, J. D.},
  year =	 2012
}

@article{potts-2010-345,
  Author =	 {Potts, SG and Biesmeijer, JC and Kremen, C and
                  Neumann, P and Schweiger, O and Kunin, WE},
  Journal =	 {Trends Ecol. Evol.},
  Pages =	 {345--353},
  Title =	 {Global pollinator declines: trends, impacts and
                  drivers},
  Volume =	 24,
  Year =	 2010
}


@article{Potts2005,
  Author =	 {Potts, S.G and Vulliamy, B and Roberts, S and
                  O'Toole, C and Dafni, A and Ne'eman, G and Willmer,
                  P},
  Journal =	 {Ecol. Entomol.},
  Pages =	 78,
  Title =	 {Role of nesting resources in organising diverse bee
                  communities in a Mediterranean landscape},
  Volume =	 30,
  Year =	 2005
}

@article{Potts2006,
  Author =	 {Potts, S.G and Petanidou, T and Roberts, S and
                  O'Toole, C and Hulbert, A and Willmer, P},
  Journal =	 {Biol. Conserv.},
  Pages =	 519,
  Title =	 {Plant-pollinator biodiversity and pollination
                  services in a complex Mediterranean landscape},
  Volume =	 129,
  Year =	 2006
}

@Article{ollerton-2011-321,
  author =	 {Ollerton, J and Winfree, R and Tarrant, S},
  title =	 {How many flowering plants are pollinated by
                  animals?},
  journal =	 {Oikos},
  year =	 2011,
  volume =	 120,
  pages =	 {321--326}
}


@article{kaiser2010robustness,
  Author =	 {Kaiser-Bunbury, Christopher N and Muff, Stefanie and
                  Memmott, Jane and M{\"u}ller, Christine B and
                  Caflisch, Amedeo},
  Journal =	 {Ecol. Lett.},
  Number =	 4,
  Pages =	 {442--452},
  Publisher =	 {Wiley Online Library},
  Title =	 {The robustness of pollination networks to the loss
                  of species and interactions: a quantitative approach
                  incorporating pollinator behaviour},
  Volume =	 13,
  Year =	 2010
}


@article{burrows2008linking,
  title =	 {Linking fire ecology and fire management in
                  south-west {{Australia}n} forest landscapes},
  author =	 {Burrows, ND},
  journal =	 {Forest Ecol. Manag.},
  volume =	 255,
  number =	 7,
  pages =	 {2394--2406},
  year =	 2008,
  publisher =	 {Elsevier}
}


@article{parr1999patch,
  title =	 {Patch-mosaic burning: a new paradigm for savanna
                  fire management in protected areas?},
  author =	 {Parr, CL and Brockett, BH},
  journal =	 {Koedoe},
  volume =	 42,
  number =	 2,
  pages =	 {117--130},
  year =	 1999
}


@article{andersen2014burning,
  title =	 {Burning for biodiversity: highly resilient ant
                  communities respond only to strongly contrasting
                  fire regimes in {Australia}'s seasonal tropics},
  author =	 {Andersen, Alan N and Ribbons, Relena R and Pettit,
                  Magen and Parr, Catherine L},
  journal =	 {J. Appl. Ecol.},
  volume =	 51,
  number =	 5,
  pages =	 {1406--1413},
  year =	 2014,
  publisher =	 {Wiley Online Library}
}


@incollection{lawton1994redundancy,
  title={Redundancy in ecosystems},
  author={Lawton, John H and Brown, Valerie K},
  booktitle={Biodiversity and ecosystem function},
  pages={255--270},
  year={1994},
  publisher={Springer, NY}
}



@article{tilman1998diversity,
  title={Diversity-stability relationships: statistical inevitability or ecological consequence?},
  author={Tilman, David and Lehman, Clarence L and Bristow, Charles E},
  journal={Am. Nat.},
  volume={151},
  number={3},
  pages={277--282},
  year={1998},
  publisher={The University of Chicago Press}
}


@article{leibold2004metacommunity,
  title={The metacommunity concept: a framework for multi-scale community ecology},
  author={Leibold, Mathew A and Holyoak, Marcel and Mouquet, Nicolas and Amarasekare, Priyanga and Chase, Jonathan M and Hoopes, Martha F and Holt, Robert D and Shurin, Jonathan B and Law, Richard and Tilman, David and others},
  journal={Ecol. Lett.},
  volume={7},
  number={7},
  pages={601--613},
  year={2004},
  publisher={Wiley Online Library}
}

@article{song2017some,
  title={Why are some plant--pollinator networks more nested than others?},
  author={Song, Chuliang and Rohr, Rudolf P and Saavedra, Serguei},
  journal={Journal of Animal Ecology},
  volume={86},
  number={6},
  pages={1417--1424},
  year={2017},
  publisher={Wiley Online Library}
}

@article{macleod2016measuring,
  title={Measuring partner choice in plant--pollinator networks: using null models to separate rewiring and fidelity from chance},
  author={MacLeod, Molly and Genung, Mark A and Ascher, John S and Winfree, Rachael},
  journal={Ecology},
  volume={97},
  number={11},
  pages={2925--2931},
  year={2016},
  publisher={Wiley Online Library}
}


@article{schupp2017general,
  title={A general framework for effectiveness concepts in mutualisms},
  author={Schupp, Eugene W and Jordano, Pedro and G{\'o}mez, Jos{\'e} Mar{\'\i}a},
  journal={Ecol. Lett.},
  volume={20},
  number={5},
  pages={577--590},
  year={2017},
  publisher={Wiley Online Library}
}


@article{suggitt2011habitat,
  title={Habitat microclimates drive fine-scale variation in extreme temperatures},
  author={Suggitt, Andrew J and Gillingham, Phillipa K and Hill, Jane K and Huntley, Brian and Kunin, William E and Roy, David B and Thomas, Chris D},
  journal={Oikos},
  volume={120},
  number={1},
  pages={1--8},
  year={2011},
  publisher={Wiley Online Library}
}


@article{tilman1992drought,
  title={Drought and biodiversity in grasslands},
  author={Tilman, David and El Haddi, A},
  journal={Oecologia},
  volume={89},
  number={2},
  pages={257--264},
  year={1992},
  publisher={Springer, NY}
}


@article{stephens2014temperate,
  title={Temperate and boreal forest mega-fires: characteristics and challenges},
  author={Stephens, Scott L and Burrows, Neil and Buyantuyev, Alexander and Gray, Robert W and Keane, Robert E and Kubian, Rick and Liu, Shirong and Seijo, Francisco and Shu, Lifu and Tolhurst, Kevin G and others},
  journal={Front. Ecol. Environ.},
  volume={12},
  number={2},
  pages={115--122},
  year={2014},
  publisher={Wiley Online Library}
}

@article{hooper2012global,
  title={A global synthesis reveals biodiversity loss as a major driver of ecosystem change},
  author={Hooper, David U and Adair, E Carol and Cardinale, Bradley J and Byrnes, Jarrett EK and Hungate, Bruce A and Matulich, Kristin L and Gonzalez, Andrew and Duffy, J Emmett and Gamfeldt, Lars and O’Connor, Mary I},
  journal={Nature},
  volume={486},
  number={7401},
  pages={105},
  year={2012},
  publisher={Nature Publishing Group}
}

@article{cook2015unprecedented,
  title={Unprecedented 21st century drought risk in the American Southwest and Central Plains},
  author={Cook, Benjamin I and Ault, Toby R and Smerdon, Jason E},
  journal={Sci. Adv.},
  volume={1},
  number={1},
  pages={e1400082},
  year={2015},
  publisher={American Association for the Advancement of Science}
}

@article{alexander2009climate,
  title={Climate extremes: progress and future directions},
  author={Alexander, Lisa V and Tapper, Nigel and Zhang, Xuebin and Fowler, Hayley J and Tebaldi, Claudia and Lynch, Amanda},
  journal={ Int. J. Climatol.},
  volume={29},
  number={3},
  pages={317--319},
  year={2009},
  publisher={Wiley Online Library}
}

@article{touma2015multi,
  title={A multi-model and multi-index evaluation of drought characteristics in the 21st century},
  author={Touma, Danielle and Ashfaq, Moetasim and Nayak, Munir A and Kao, Shih-Chieh and Diffenbaugh, Noah S},
  journal={J. Hydrol.},
  volume={526},
  pages={196--207},
  year={2015},
  publisher={Elsevier}
}

@article{tilman1994biodiversity,
  title={Biodiversity and stability in grasslands},
  author={Tilman, David and Downing, John A},
  journal={Nature},
  volume={367},
  number={6461},
  pages={363},
  year={1994},
  publisher={Nature Publishing Group}
}

@article{ehrlich1980extinction,
  title={Extinction, reduction, stability and increase: the responses of checkerspot butterfly (Euphydryas) populations to the California drought},
  author={Ehrlich, Paul R and Murphy, Dennis D and Singer, Michael C and Sherwood, CB and White, RR and Brown, IL},
  journal={Oecologia},
  volume={46},
  number={1},
  pages={101--105},
  year={1980},
  publisher={Springer}
}

@article{harrison2000repercussions,
  title={Repercussions of El Nino: drought causes extinction and the breakdown of mutualism in Borneo},
  author={Harrison, Rhett D},
  journal={Proc. Royal Soc. B},
  volume={267},
  number={1446},
  pages={911--915},
  year={2000},
  publisher={The Royal Society}
}

@article{trenberth2014global,
  title={Global warming and changes in drought},
  author={Trenberth, Kevin E and Dai, Aiguo and Van Der Schrier, Gerard and Jones, Philip D and Barichivich, Jonathan and Briffa, Keith R and Sheffield, Justin},
  journal={Nat. Clim. Change.},
  volume={4},
  number={1},
  pages={17},
  year={2014},
  publisher={Nature Publishing Group}
}

@article{diffenbaugh2015anthropogenic,
  title={Anthropogenic warming has increased drought risk in {California}},
  author={Diffenbaugh, Noah S and Swain, Daniel L and Touma, Danielle},
  journal={Proc. Natl. Acad. Sci. U.S.A.},
  volume={112},
  number={13},
  pages={3931--3936},
  year={2015},
  publisher={National Acad Sciences}
}


@article{swain2014extraordinary,
  title={The extraordinary {California} drought of 2013/2014: Character, context, and the role of climate change},
  author={Swain, Daniel L and Tsiang, Michael and Haugen, Matz and Singh, Deepti and Charland, Allison and Rajaratnam, Bala and Diffenbaugh, Noah S},
  journal={Bull. Am. Meteorol. Soc},
  volume={95},
  number={9},
  pages={S3--S7},
  year={2014}
}



@article{westerling2006warming,
  title={Warming and earlier spring increase western US forest wildfire activity},
  author={Westerling, Anthony L and Hidalgo, Hugo G and Cayan, Daniel R and Swetnam, Thomas W},
  journal={Science},
  volume={313},
  number={5789},
  pages={940--943},
  year={2006},
  publisher={American Association for the Advancement of Science}
}


@article{frankie2009native,
  title={Native bees are a rich natural resource in urban {California} gardens},
  author={Frankie, G and Thorp, Robbin and Hernandez, Jennifer and Rizzardi, Mark and Ertter, Barbara and Pawelek, J and Witt, S and Schindler, Mary and Coville, Rollin and Wojcik, Victoria and others},
  journal={Calif. Agric.},
  volume={63},
  number={3},
  pages={113--120},
  year={2009},
  publisher={University of California, Agriculture and Natural Resources}
}


@article{minckley2006incidental,
	Author = {Minckley, Robert L and Roulston, TH},
	Journal = {Plant-pollinator interactions: from specialization to generalization, The University of Chicago Press, Chicago and London},
	Pages = {69--98},
	Title = {Incidental mutualisms and pollen specialization among bees},
	Year = 2006}

@article{bluthgen2011functional,
	Author = {Bl{\"u}thgen, Nico and Klein, Alexandra-Maria},
	Journal = {Basic Appl. Ecol.},
	Number = 4,
	Pages = {282--291},
	Publisher = {Elsevier},
	Title = {Functional complementarity and specialisation: the role of biodiversity in plant--pollinator interactions},
	Volume = 12,
	Year = 2011}

@article{easterling2000climate,
  title={Climate extremes: observations, modeling, and impacts},
  author={Easterling, David R and Meehl, Gerald A and Parmesan, Camille and Changnon, Stanley A and Karl, Thomas R and Mearns, Linda O},
  journal={science},
  volume={289},
  number={5487},
  pages={2068--2074},
  year={2000},
  publisher={American Association for the Advancement of Science}
}

@article{cuartas2015topology,
  title={Topology of Plant-Flower-Visitor Networks in a Tropical Mountain Forest: Insights on the Role of Altitudinal and Temporal Variation},
  author={Cuartas-Hern{\'a}ndez, Sandra and Medel, Rodrigo},
  journal={PloS one},
  volume={10},
  number={10},
  pages={e0141804},
  year={2015},
  publisher={Public Library of Science}
}


@article{dellasala2004beyond,
  title =	 {Beyond smoke and mirrors: a synthesis of fire policy
                  and science},
  author =	 {Dellasala, Dominick A and Williams, Jack E and
                  Williams, Cindy Deacon and Franklin, Jerry F},
  journal =	 {Cons. Biol.},
  volume =	 18,
  number =	 4,
  pages =	 {976--986},
  year =	 2004,
  publisher =	 {Wiley Online Library}
}



@article{noss2006managing,
  title =	 {Managing fire-prone forests in the western United
                  States},
  author =	 {Noss, Reed F and Franklin, Jerry F and Baker,
                  William L and Schoennagel, Tania and Moyle, Peter B},
  journal =	 {Front. Ecol. Environ.},
  volume =	 4,
  number =	 9,
  pages =	 {481--487},
  year =	 2006,
  publisher =	 {Eco Soc America}
}



@article{Moritz2012,
  title =	 {Climate change and disruptions to global fire
                  activity},
  author =	 {Moritz, Max A and Parisien, Marc-Andr{\'e} and
                  Batllori, Enric and Krawchuk, Meg A and Van Dorn,
                  Jeff and Ganz, David J and Hayhoe, Katharine},
  journal =	 {Ecosphere},
  volume =	 3,
  number =	 6,
  pages =	 {1--22},
  year =	 2012
}

@article{minckley2013resource,
  title={Resource assurance predicts specialist and generalist bee activity in drought},
  author={Minckley, Robert L and Roulston, T'ai H and Williams, Neal M},
  journal={Proc. R. Soc. Lond., B, Biol. Sci.},
  volume={280},
  number={1759},
  pages={20122703},
  year={2013},
  publisher={The Royal Society}
}

@article{tim2012structure,
  title={Structure and mechanism of diet specialisation: testing models of individual variation in resource use with sea otters},
  author={Tinker, T M and Guimar{\~a}es Jr, Paulo R and Novak, Mark and Marquitti, Flavia Maria Darcie and Bodkin, James L and Staedler, Michelle and Bentall, Gena and Estes, James A},
  journal={Ecol. Lett.},
  volume={15},
  number={5},
  pages={475--483},
  year={2012},
  publisher={Wiley Online Library}
}

@article{sebastian2015macroecological,
  title={Macroecological trends in nestedness and modularity of seed-dispersal networks: human impact matters},
  author={Sebasti{\'a}n-Gonz{\'a}lez, Esther and Dalsgaard, Bo and Sandel, Brody and Guimaraes Jr, Paulo R},
  journal={Global Ecology and Biogeography},
  volume={24},
  number={3},
  pages={293--303},
  year={2015},
  publisher={Wiley Online Library}
}

@ARTICLE{kremen2019pollinator,
AUTHOR={Kremen, Claire and M'Gonigle, Leithen K. and Ponisio, Lauren C.},   
TITLE={Pollinator Community Assembly Tracks Changes in Floral Resources as Restored Hedgerows Mature in Agricultural Landscapes},      
JOURNAL={Frontiers Ecol. Evol.},      
VOLUME={6},      
PAGES={170},     
YEAR={2018},      
URL={https://www.frontiersin.org/article/10.3389/fevo.2018.00170},       
DOI={10.3389/fevo.2018.00170},      
}

@article{hung2018worldwide,
  title={The worldwide importance of honey bees as pollinators in natural habitats},
  author={Hung, Keng-Lou James and Kingston, Jennifer M and Albrecht, Matthias and Holway, David A and Kohn, Joshua R},
  journal={Proc. R. Soc. B},
  volume={285},
  number={1870},
  pages={20172140},
  year={2018},
  publisher={The Royal Society}
}

@article{kaiser2017ecosystem,
  title={Ecosystem restoration strengthens pollination network resilience and function},
  author={Kaiser-Bunbury, Christopher N and Mougal, James and Whittington, Andrew E and Valentin, Terence and Gabriel, Ronny and Olesen, Jens M and Bl{\"u}thgen, Nico},
  journal={Nature},
  volume={542},
  number={7640},
  pages={223},
  year={2017},
  publisher={Nature Publishing Group}
}

@article{cenci2018rethinking,
  title={Rethinking the importance of the structure of ecological networks under an environment-dependent framework},
  author={Cenci, Simone and Song, Chuliang and Saavedra, Serguei},
  journal={Ecology and evolution},
  volume={8},
  number={14},
  pages={6852--6859},
  year={2018},
  publisher={Wiley Online Library}
}


@article{bluthgen-2006-9,
  Author =	 {Bl{\"u}thgen, N and Menzel, F and Bl{\"u}thgen, N},
  Journal =	 {BMC Ecol.},
  Pages =	 9,
  Title =	 {Measuring specialization in species interaction
                  networks},
  Volume =	 6,
  Year =	 2006
}


@article{bluthgen2008interaction,
  title={What do interaction network metrics tell us about specialization and biological traits},
  author={Bl{\"u}thgen, Nico and Fr{\"u}nd, Jochen and V{\'a}zquez, Diego P and Menzel, Florian},
  journal={Ecology},
  volume={89},
  number={12},
  pages={3387--3399},
  year={2008},
  publisher={Wiley Online Library}
}


@article{pellissier2017comparing,
  title={Comparing species interaction networks along environmental gradients},
  author={Pellissier, Lo{\"\i}c and Albouy, Camille and Bascompte, Jordi and Farwig, Nina and Graham, Catherine and Loreau, Michel and Maglianesi, Maria Alejandra and Meli{\'a}n, Carlos J and Pitteloud, Camille and Roslin, Tomas and others},
  journal={Biol. Rev.},
  year={2017},
    volume={93},
  number={2},
  pages={785--800},
  publisher={Wiley Online Library}
}



@article{guerrero2009darwin,
  title={Darwin's Finches as seed predators and dispersers},
  author={Guerrero, Ana Mireya and Tye, Alan},
  journal={Wilson J. Ornithol.},
  volume={121},
  number={4},
  pages={752--764},
  year={2009},
  publisher={BioOne}
}

@article{Alarcon2008,
  Author =	 {Alarc{\'o}n, Ruben and Waser, Nickolas M and
                  Ollerton, Jeff},
  Journal =	 {Oikos},
  Number =	 12,
  Pages =	 {1796--1807},
  Publisher =	 {Wiley Online Library},
  Title =	 {Year-to-year variation in the topology of a
                  plant--pollinator interaction network},
  Volume =	 117,
  Year =	 2008
}

@article{Albrecht2010,
  Author =	 {Albrecht, Matthias and Riesen, Matthias and Schmid,
                  Bernhard},
  Journal =	 {Oikos},
  Number =	 10,
  Pages =	 {1610--1624},
  Publisher =	 {Wiley Online Library},
  Title =	 {Plant--pollinator network assembly along the
                  chronosequence of a glacier foreland},
  Volume =	 119,
  Year =	 2010
}

@article{Allesina2008,
  Author =	 {Allesina, Stefano and Alonso, David and Pascual,
                  Mercedes},
  Journal =	 {science},
  Number =	 5876,
  Pages =	 {658--661},
  Publisher =	 {American Association for the Advancement of Science},
  Title =	 {A general model for food web structure},
  Volume =	 320,
  Year =	 2008
}

@article{Allesina2012,
  Author =	 {Allesina, Stefano and Tang, Si},
  Journal =	 {Nature},
  Number =	 7388,
  Pages =	 {205--208},
  Publisher =	 {Nature Publishing Group},
  Title =	 {Stability criteria for complex ecosystems},
  Volume =	 483,
  Year =	 2012
}

@article{AllesinaandTang2012,
  Author =	 {Allesina, Stefano and Tang, Si},
  Journal =	 {Nature},
  Number =	 7388,
  Pages =	 {205--208},
  Publisher =	 {Nature Publishing Group},
  Title =	 {Stability criteria for complex ecosystems},
  Volume =	 483,
  Year =	 2012
}

@article{Allhoff2014,
  Author =	 {Allhoff, K.T. and Ritterskamp, D. and Rall,
                  B.C. and Drossel, B. and Guill,
                  C.},
  Journal =	 {Sci. Rep.},
  Pages =	 {10955--10955},
  Publisher =	 {Nature Publishing Group},
  Title =	 {Evolutionary food web model based on body masses
                  gives realistic networks with permanent species
                  turnover},
  Volume =	 5,
  Year =	 2014
}

@article{Fussmann2007,
   title={Eco-evolutionary dynamics of communities and ecosystems},
   author={Fussmann, GF and Loreau, M and Abrams, PA},
   journal={Funct. Ecol.},
   volume={21},
   number={3},
   pages={465--477},
   year={2007},
   publisher={Wiley Online Library}
}

@article{Brannstrom2012,
   title={Modelling the ecology and evolution of communities: a review of past achievements, current efforts, and future promises},
   author={Br{\"a}nnstr{\"o}m, {\AA}ke and Johansson, Jacob and Loeuille, Nicolas and Kristensen, Nadiah and Troost, Tineke A and Lambers, Reinier Hille Ris and Dieckmann, Ulf},
   journal={Evol. Ecol. Res.},
   volume={14},
   number={5},
   pages={601--625},
   year={2012},
   publisher={Evolutionary Ecology, Ltd.}
}

@article{Loeuille2005,
   title={Evolutionary emergence of size-structured food webs},
   author={Loeuille, Nicolas and Loreau, Michel},
   journal={Proc. Natl. Acad. Sci. U.S.A.},
   volume={102},
   number={16},
   pages={5761--5766},
   year={2005},
   publisher={National Acad Sciences}
}

@article{Brannstrom2011,
   title={Emergence and maintenance of biodiversity in an evolutionary food-web model},
   author={Br{\"a}nnstr{\"o}m, {\AA}ke and Loeuille, Nicolas and Loreau, Michel and Dieckmann, Ulf},
   journal={Theor. Ecol.},
   volume={4},
   number={4},
   pages={467--478},
   year={2011},
   publisher={Springer, NY}
}

@article{Norberg2012,
   title={Eco-evolutionary responses of biodiversity to climate change},
   author={Norberg, Jon and Urban, Mark C and Vellend, Mark and Klausmeier, Christopher A and Loeuille, Nicolas},
   journal={Nat. Clim. Chang.},
   volume={2},
   number={10},
   pages={747},
   year={2012},
   publisher={Nature Publishing Group}
}

@article{Allhoff2015,
   title={Evolutionary food web model based on body masses gives realistic networks with permanent species turnover},
   author={Allhoff, Korinna Theresa and Ritterskamp, Daniel and Rall, Bj{\"o}rn C and Drossel, Barbara and Guill, Christian},
   journal={Sci. Rep.},
   volume={5},
   pages={10955},
   year={2015},
   publisher={Nature Publishing Group}
}

@article{Andreazzi2018,
   title={Eco-evolutionary feedbacks promote fluctuating selection and long-term stability of antagonistic networks},
   author={de Andreazzi, Cecilia Siliansky and Guimar{\~a}es Jr., Paulo R and Meli{\'a}n, Carlos J},
   journal={Proc. R. Soc. B},
   volume={285},
   number={1874},
   pages={20172596},
   year={2018},
   publisher={The Royal Society}
}

@article{Thebault2010,
   title={Stability of ecological communities and the architecture of mutualistic and trophic networks},
   author={Th{\'e}bault, Elisa and Fontaine, Colin},
   journal={Science},
   volume={329},
   number={5993},
   pages={853--856},
   year={2010},
   publisher={American Association for the Advancement of Science}
}

@article{allhoff2015evolutionary,
  title={Evolutionary food web model based on body masses gives realistic networks with permanent species turnover},
  author={Allhoff, Korinna Theresa and Ritterskamp, Daniel and Rall, Bj{\"o}rn C and Drossel, Barbara and Guill, Christian},
  journal={Sci. Rep.},
  volume={5},
  pages={10955},
  year={2015},
  publisher={Nature Publishing Group}
}

@article{Almeida-Neto2008,
  Author =	 {Almeida-neto, M and Gumar\~{a}es, P and
                  Gumar{\~a}es, PR and Loyola, RD and Ulrich, W},
  Journal =	 {Oikos},
  Pages =	 {1227--1239},
  Title =	 {A consistent metric for nestedness analysis in
                  ecological systems: reconciling concept and
                  measurement.},
  Volume =	 117,
  Year =	 2008
}

@article{Althoff2012,
  Author =	 {Althoff, D. M. and Segraves, K. A. and Smith,
                  C. I. and Leebens-Mack, J. and Pellmyr, O.},
  Journal =	 {Mol. Phylogenet. Evol.},
  Pages =	 {898--906},
  Title =	 {Geographic isolation trumps coevolution as a driver
                  of yucca and yucca moth diversification},
  Volume =	 2,
  Year =	 2012
}

@article{Anderson2008,
  Author =	 {Anderson, Wendy B and Wait, D Alexander and Stapp,
                  Paul},
  Journal =	 {Ecology},
  Number =	 3,
  Pages =	 {660--670},
  Publisher =	 {Wiley Online Library},
  Title =	 {Resources from another place and time: responses to
                  pulses in a spatially subsidized system},
  Volume =	 89,
  Year =	 2008
}

@article{Bascompte2003,
  Author =	 {Bascompte, J. and Jordano, P. and Melian, C. J. and
                  Olesen, J. M.},
  Journal =	 {Proc. Natl Acad. Sci. U.S.A.},
  Pages =	 {9383--9387},
  Title =	 {The nested assembly of plant-animal mutualistic
                  networks},
  Volume =	 100,
  Year =	 2003
}

@article{Bascompte2006,
  Author =	 {Bascompte, J. and Jordano, P. and Olesen, J. M.},
  Journal =	 {Science},
  Pages =	 {431--433},
  Title =	 {Asymmetric coevolutionary networks facilitate
                  biodiversity maintenance},
  Volume =	 312,
  Year =	 2006
}

@article{Bascompte2007,
  Author =	 {Bascompte, Jordi and Jordano, Pedro},
  Journal =	 {Annu. Rev. Ecol. Evol. Syst.},
  Pages =	 {567--93},
  Title =	 {Plant-animal mutualistic networks: the architecture
                  of biodiversity},
  Volume =	 38,
  Year =	 2007
}

@article{Bascompte2009,
  Author =	 {Bascompte, J. and Stouffer, D. B.},
  Journal =	 {Phil. Trans. R. Soc. B},
  Pages =	 1781,
  Title =	 {The assembly and disassembly of ecological networks},
  Volume =	 364,
  Year =	 2009
}

@article{Bastolla2009,
  Author =	 {Bastolla, Ugo and Fortuna, Miguel A and
                  Pascual-Garc{\'\i}a, Alberto and Ferrera, Antonio
                  and Luque, Bartolo and Bascompte, Jordi},
  Journal =	 {Nature},
  Number =	 7241,
  Pages =	 {1018--1020},
  Publisher =	 {Nature Publishing Group},
  Title =	 {The architecture of mutualistic networks minimizes
                  competition and increases biodiversity},
  Volume =	 458,
  Year =	 2009
}

@article{Beisner2006,
  Author =	 {Beisner, Beatrix E and Hovius, Jonathan and Hayward,
                  April and Kolasa, Jurek and Romanuk, Tamara N},
  Journal =	 {Biological Invasions},
  Number =	 4,
  Pages =	 {655--664},
  Publisher =	 {Springer, NY},
  Title =	 {Environmental productivity and biodiversity effects
                  on invertebrate community invasibility},
  Volume =	 8,
  Year =	 2006
}

@article{Bipartite,
  Author =	 {C. F. Dormann and B. Gruber and J. Fruend},
  Journal =	 {R News},
  Number =	 2,
  Pages =	 {8-11},
  Title =	 {Introducing the bipartite Package: Analysing
                  Ecological Networks.},
  Volume =	 8,
  Year =	 2008
}

@article{BipartiteNetLevel,
  Author =	 {C. F. Dormann and J. Frueund and N. Bluethgen and
                  B. Gruber},
  Journal =	 {Open Ecol. J.},
  Pages =	 {7-24},
  Title =	 {Indices, graphs and null models: analyzing bipartite
                  ecological networks.},
  Volume =	 2,
  Year =	 2009
}

@article{BipartiteSpLevel,
  Author =	 {C. F. Dormann},
  Journal =	 {Network Biol.},
  Number =	 1,
  Pages =	 {1-20},
  Title =	 {How to be a specialist? Quantifying specialisation
                  in pollination networks.},
  Volume =	 1,
  Year =	 2011
}

@article{Blomberg2001,
  Author =	 {Blomberg, S.P. and Ives, A.R. and Garland, T.},
  Journal =	 {Am. Zool.},
  Pages =	 1395,
  Title =	 {Detecting phylogenetic signal in comparative data},
  Volume =	 41,
  Year =	 2001
}

@article{Blomberg2003,
  Author =	 {Blomberg, S. P. and Garland, T. and Ives, A. R.},
  Journal =	 {Evol. Int. J. Org. Evol.},
  Pages =	 {717--745},
  Title =	 {Testing for phylogenetic signal in comparative data:
                  Behavioral traits are more labile},
  Volume =	 57,
  Year =	 2003
}

@article{Bluthgen2007,
  Author =	 {Bl{\"u}thgen, Nico and Menzel, Florian and
                  Hovestadt, Thomas and Fiala, Brigitte and
                  Bl{\"u}thgen, Nils},
  Journal =	 {Curr. Biol.},
  Number =	 4,
  Pages =	 {341--346},
  Title =	 {Specialization, constraints, and conflicting
                  interests in mutualistic networks},
  Volume =	 17,
  Year =	 2007
}

@article{Brannstrom2012,
  Author =	 {Br{\"a}nnstr{\"o}m, {\AA}ke and Johansson, Jacob and
                  Loeuille, Nicolas and Kristensen, Nadiah and Troost,
                  Tineke A and Lambers, Reinier Hille Ris and
                  Dieckmann, Ulf},
  Journal =	 {Evol. Ecol. Res.},
  Number =	 5,
  Pages =	 {601--625},
  Publisher =	 {Evolutionary Ecology, Ltd.},
  Title =	 {Modelling the ecology and evolution of communities:
                  a review of past achievements, current efforts, and
                  future promises},
  Volume =	 14,
  Year =	 2012
}

@article{Bronstein2006,
  Author =	 {Bronstein, J. L. and Alarcon, R. and Geber, M.},
  Journal =	 {New Phytol.},
  Pages =	 {412--428},
  Title =	 {The evolution of plant-insect mutualisms},
  Volume =	 172,
  Year =	 2006
}

@article{Brose2006,
  Author =	 {Brose, Ulrich and Williams, Richard J and Martinez,
                  Neo D},
  Journal =	 {Ecol. Lett.},
  Number =	 11,
  Pages =	 {1228--1236},
  Publisher =	 {Wiley Online Library},
  Title =	 {Allometric scaling enhances stability in complex
                  food webs},
  Volume =	 9,
  Year =	 2006
}

@article{BrownandKodric-Brown1977,
  Author =	 {Brown, James H and Kodric-Brown, Astrid},
  Journal =	 {Ecology},
  Number =	 2,
  Pages =	 {445--449},
  Publisher =	 {Eco Soc America},
  Title =	 {Turnover rates in insular biogeography: effect of
                  immigration on extinction},
  Volume =	 58,
  Year =	 1977
}

@article{Burgos2007,
  Author =	 {Burgos, Enrique and Ceva, Horacio and Perazzo,
                  Roberto P.J. and Devoto, Mariano and Medan, Diego
                  and Zimmermann, Mart{\'\i}n and Delbue, Ana
                  Mar{\'\i}a},
  Journal =	 {J. Theor. Biol.},
  Number =	 2,
  Pages =	 {307--313},
  Title =	 {Why nestedness in mutualistic networks?},
  Volume =	 249,
  Year =	 2007
}

@article{BurkleandIrwin2009,
  Author =	 {Burkle, Laura and Irwin, Rebecca},
  Journal =	 {Oikos},
  Number =	 12,
  Pages =	 {1816--1829},
  Publisher =	 {Wiley Online Library},
  Title =	 {The importance of interannual variation and
                  bottom--up nitrogen enrichment for plant--pollinator
                  networks},
  Volume =	 118,
  Year =	 2009
}

@article{Campbell2015,
  Author =	 {Campbell, Colin and Yang, Suann and Albert, R{\'e}ka
                  and Shea, Katriona},
  Journal =	 {Oikos},
  Number =	 4,
  Pages =	 {406--413},
  Publisher =	 {Wiley Online Library},
  Title =	 {Plant--pollinator community network response to
                  species invasion depends on both invader and
                  community characteristics},
  Volume =	 124,
  Year =	 2015
}

@article{Canard2012,
  Author =	 {Canard, Elsa and Mouquet, Nicolas and Marescot,
                  Lucile and Gaston, Kevin J and Gravel, Dominique and
                  Mouillot, David},
  Journal =	 {PloS one},
  Number =	 8,
  Pages =	 {e38295},
  Publisher =	 {Public Library of Science},
  Title =	 {Emergence of structural patterns in neutral trophic
                  networks},
  Volume =	 7,
  Year =	 2012
}

@article{caradonna2017interaction,
  title={Interaction rewiring and the rapid turnover of plant--pollinator networks},
  author={CaraDonna, Paul J and Petry, William K and Brennan, Ross M and Cunningham, James L and Bronstein, Judith L and Waser, Nickolas M and Sanders, Nathan J},
  journal={Ecol. Lett.},
  volume={20},
  number={3},
  pages={385--394},
  year={2017},
  publisher={Wiley Online Library}
}

@article{Collins2007,
  Author =	 {Collins, B. M. and Stephens, S. L},
  Journal =	 {Front. Ecol. Environ.},
  Pages =	 523,
  Title =	 {Managing natural wildfires in {Sierra Nevada}
                  wilderness areas},
  Volume =	 5,
  Year =	 2007
}

@article{Collins2009,
  Author =	 {Collins, Brandon M and Miller, Jay D and Thode,
                  Andrea E and Kelly, Maggi and Wagtendonk, Jan W and
                  Stephens, Scott L},
  Journal =	 {Ecosystems},
  Pages =	 114,
  Title =	 {Interactions Among Wildland Fires in a
                  Long-Established {Sierra Nevada} Natural Fire Area},
  Volume =	 12,
  Year =	 2009
}



@article{ponisio2015farm,
  Author =	 {Ponisio, Lauren C and M'Gonigle, Leithen K and
                  Kremen, Claire},
  Journal =	 {Global Change Biol.},
  Number =	 2,
  Pages =	 {704--715},
  Publisher =	 {Wiley Online Library},
  Title =	 {On-farm habitat restoration counters biotic
                  homogenization in intensively managed agriculture},
  Volume =	 22,
  Year =	 2016
}
  @Article{dormann2011specialist,
    title = {How to be a specialist? Quantifying specialisation in pollination networks.},
    author = {C. F. Dormann},
    journal = {Network Biol.},
    volume = {1},
    number = {1},
    pages = {1-20},
    year = {2011},
  }

  @Article{dormann2009indices,
    title = {Indices, graphs and null models: analyzing bipartite ecological networks.},
    author = {C. F. Dormann and J. Frueund and N. Bluethgen and B. Gruber},
    journal = {Open Ecol. J.},
    volume = {2},
    pages = {7-24},
    year = {2009},
  }



@article{gonzalez2010centrality,
  title={Centrality measures and the importance of generalist species in pollination networks},
  author={Gonz{\'a}lez, Ana M Mart{\'\i}n and Dalsgaard, Bo and Olesen, Jens M},
  journal={Ecological Complexity},
  volume={7},
  number={1},
  pages={36--43},
  year={2010},
  publisher={Elsevier}
}

@article{anderson-2011-19,
  title =	 {Navigating the multiple meanings of $\beta$
                  diversity: a roadmap for the practicing ecologist},
  author =	 {Anderson, Marti J and Crist, Thomas O and Chase,
                  Jonathan M and Vellend, Mark and Inouye, Brian D and
                  Freestone, Amy L and Sanders, Nathan J and Cornell,
                  Howard V and Comita, Liza S and Davies, Kendi F and
                  others},
  journal =	 {Ecol. Lett.},
  volume =	 14,
  number =	 1,
  pages =	 {19--28},
  year =	 2011,
  publisher =	 {Wiley Online Library}
}


@article{chao-2005-148,
  Author =	 {Chao, Anne and Chazdon, Robin L and Colwell, Robert
                  K and Shen, Tsung-Jen},
  Journal =	 {Ecol. Lett.},
  Number =	 2,
  Pages =	 {148--159},
  Title =	 {A new statistical approach for assessing similarity
                  of species composition with incidence and abundance
                  data},
  Volume =	 8,
  Year =	 2005
}

@article{griffin2014unusual,
  title =	 {How unusual is the 2012--2014 {California} drought?},
  author =	 {Griffin, Daniel and Anchukaitis, Kevin J},
  journal =	 {Geophys. Res. Lett.},
  volume =	 41,
  number =	 24,
  pages =	 {9017--9023},
  year =	 2014,
  publisher =	 {Wiley Online Library}
}


@article{gathmann2002foraging,
  title =	 {Foraging ranges of solitary bees},
  author =	 {Gathmann, Achim and Tscharntke, Teja},
  journal =	 {J. Anim. Ecol.},
  volume =	 71,
  number =	 5,
  pages =	 {757--764},
  year =	 2002,
  publisher =	 {Wiley Online Library}
}




@article{Collins2010,
  Author =	 {Collins, B. M. and Stephens, Scott L},
  Journal =	 {Landscape Ecol.},
  Pages =	 927,
  Title =	 {Stand-replacing patches within a 'mixed severity'
                  fire regime: quantitative characterization using
                  recent fires in a long-established natural fire
                  area},
  Volume =	 25,
  Year =	 2010
}


@article{Carnicer2009,
  Author =	 {Carnicer, Jofre and Jordano, Pedro and Meli{\'a}n,
                  Carlos J},
  Journal =	 {Ecology},
  Number =	 7,
  Pages =	 {1958--1970},
  Publisher =	 {Eco Soc America},
  Title =	 {The temporal dynamics of resource use by frugivorous
                  birds: a network approach},
  Volume =	 90,
  Year =	 2009
}

@article{Carstensen2014,
  Author =	 {Carstensen, Daniel W and Sabatino, Malena and
                  Tr{\o}jelsgaard, Kristian and Morellato, Leonor
                  Patricia C},
  Journal =	 {PloS one},
  Number =	 11,
  Pages =	 {e112903},
  Publisher =	 {Public Library of Science},
  Title =	 {Beta Diversity of Plant-Pollinator Networks and the
                  Spatial Turnover of Pairwise Interactions},
  Volume =	 9,
  Year =	 2014
}

@article{Cattin2004,
  Author =	 {Cattin, Marie-France and Bersier, Louis-F{\'e}lix
                  and Bana{\v{s}}ek-Richter, Carolin and
                  Baltensperger, Richard and Gabriel, Jean-Pierre},
  Journal =	 {Nature},
  Number =	 6977,
  Pages =	 {835--839},
  Publisher =	 {Nature Publishing Group},
  Title =	 {Phylogenetic constraints and adaptation explain
                  food-web structure},
  Volume =	 427,
  Year =	 2004
}

@article{Chamberlain2014,
  Author =	 {Chamberlain, Scott and V{\'a}zquez, Diego P and
                  Carvalheiro, Luisa and Elle, Elizabeth and Vamosi,
                  Jana C},
  Journal =	 {J. Ecol.},
  Number =	 5,
  Pages =	 {1234--1243},
  Publisher =	 {Wiley Online Library},
  Title =	 {Phylogenetic tree shape and the structure of
                  mutualistic networks},
  Volume =	 102,
  Year =	 2014
}

@book{ChaseandLeibold2003,
  Author =	 {Chase, Jonathan M and Leibold, Mathew A},
  Publisher =	 {University of Chicago Press},
  Title =	 {Ecological niches: linking classical and
                  contemporary approaches},
  Year =	 2003
}

@article{Chesson2004,
  Author =	 {Chesson, Peter and Gebauer, Renate LE and
                  Schwinning, SU.S.A.n and Huntly, Nancy and Wiegand,
                  Kerstin and Ernest, Morgan SK and Sher, Anna and
                  Novoplansky, Ariel and Weltzin, Jake F},
  Journal =	 {Oecologia},
  Number =	 2,
  Pages =	 {236--253},
  Publisher =	 {Springer, NY},
  Title =	 {Resource pulses, species interactions, and diversity
                  maintenance in arid and semi-arid environments},
  Volume =	 141,
  Year =	 2004
}

@article{Cirtwill2015,
  Author =	 {Cirtwill, Alyssa R and Stouffer, Daniel B and
                  Romanuk, Tamara N},
  Journal =	 {Proc. R. Soc. Lond., B, Biol. Sci.},
  Month =	 nov,
  Number =	 1819,
  Pages =	 {20151589--7},
  Title =	 {{Latitudinal gradients in biotic niche breadth vary
                  across ecosystem types}},
  Volume =	 282,
  Year =	 2015
}

@article{Cirtwill:2015ip,
  Author =	 {Cirtwill, Alyssa R and Stouffer, Daniel B and
                  Romanuk, Tamara N},
  Journal =	 {Proc. R. Soc. Lond., B, Biol. Sci.},
  Month =	 nov,
  Number =	 1819,
  Pages =	 {20151589--7},
  Title =	 {{Latitudinal gradients in biotic niche breadth vary
                  across ecosystem types}},
  Volume =	 282,
  Year =	 2015
}

@article{Clauset2004,
  Author =	 {Clauset, Aaron and Newman, Mark EJ and Moore,
                  Cristopher},
  Journal =	 {Phys. Rev. E},
  Number =	 6,
  Pages =	 066111,
  Publisher =	 {APS},
  Title =	 {Finding community structure in very large networks},
  Volume =	 70,
  Year =	 2004
}

@article{Cote2000,
  Author =	 {Cote, I.M.},
  Journal =	 {Oceanogr Mar. Biol.},
  Pages =	 {311--355},
  Title =	 {Evolution and ecology of cleaning symbioses in the
                  sea},
  Volume =	 38,
  Year =	 2000
}

@inbook{Cruaud2011,
  Author =	 {Cruaud, A. and Cook, J. and Da-Rong, Y. and Genson,
                  G. and Jabbour-Zahab, R. and Kjellberg, F. and
                  Pereira, R.A.S. and R{\o}nsted, N. and
                  Santos-Mattos, O. and Savolainen, V. and Ubaidillah,
                  R. and van Noort, S. and Yan-Qiong, P and Rasplus,
                  J},
  Chapter =	 {Fig-gif wasp mutualism: the fall of the strict
                  cospeciation paradigm?},
  Publisher =	 {Cambridge University Press: Cambridge, UK},
  Title =	 {Evolution of Plant-Pollinator Relationships},
  Year =	 2011
}

@article{Danieli2012,
  Author =	 {Danieli-Silva, Aline and de Souza, Jana Magaly
                  Tesserolli and Donatti, Ana Julia and Campos,
                  Ricardo Pamplona and Vicente-Silva, Jos{\'e} and
                  Freitas, Leandro and Varassin, Isabela Galarda},
  Journal =	 {Oikos},
  Number =	 1,
  Pages =	 {35--43},
  Title =	 {Do pollination syndromes cause modularity and
                  predict interactions in a pollination network in
                  tropical high-altitude grasslands?},
  Volume =	 121,
  Year =	 2012
}

@article{shaw2016comparative,
  title={Comparative phylogeography of oceanic archipelagos: Hotspots for inferences of evolutionary process},
  author={Shaw, Kerry L and Gillespie, Rosemary G},
  journal={Proc. Natl. Acad. Sci. U.S.A.},
  volume={113},
  number={29},
  pages={7986--7993},
  year={2016},
  publisher={National Acad Sciences}
}

@article{hutchinson1959homage,
  title={Homage to Santa Rosalia or why are there so many kinds of animals?},
  author={Hutchinson, G Evelyn},
  journal={Am. Nat.},
  volume={93},
  number={870},
  pages={145--159},
  year={1959},
  publisher={Science Press}
}

@article{gause1932experimental,
  title={Experimental studies on the struggle for existence: I. Mixed population of two species of yeast},
  author={Gause, Georgii Frantsevich},
  journal={J. Exp. Biol.},
  volume={9},
  number={4},
  pages={389--402},
  year={1932},
  publisher={The Company of Biologists Ltd}
}

@article{gillespie2002arthropods,
  title={Arthropods on islands: colonization, speciation, and conservation},
  author={Gillespie, Rosemary G and Roderick, George K},
  journal={Annu. Rev. Entomol.},
  volume={47},
  number={1},
  pages={595--632},
  year={2002},
  publisher={Annual Reviews 4139 El Camino Way, PO Box 10139, Palo Alto, CA 94303-0139, USA}
}

@article{pires2013interaction,
  title={Interaction intimacy organizes networks of antagonistic interactions in different ways},
  author={Pires, Mathias M and Guimar{\~a}es, Paulo R},
  journal={J. Royal Soc. Interface},
  volume={10},
  number={78},
  pages={20120649},
  year={2013},
  publisher={The Royal Society}
}

@article{Diaz-Castelazo2010,
  Author =	 {D{\'\i}az-Castelazo, Cecilia and Guimar{\~a}es Jr., Paulo
                  R and Jordano, Pedro and Thompson, John N and
                  Marquis, Robert J and Rico-Gray, V{\'\i}ctor},
  Journal =	 {Ecology},
  Number =	 3,
  Pages =	 {793--801},
  Publisher =	 {Eco Soc America},
  Title =	 {Changes of a mutualistic network over time:
                  reanalysis over a 10-year period},
  Volume =	 91,
  Year =	 2010
}

@article{Donatti2011,
  Author =	 {Donatti, Camila I and Guimar{\~a}es Jr., Paulo R and
                  Galetti, Mauro and Pizo, Marco Aur{\'e}lio and
                  Marquitti, Flavia and Dirzo, Rodolfo},
  Journal =	 {Ecol. Lett.},
  Number =	 8,
  Pages =	 {773--781},
  Publisher =	 {Wiley Online Library},
  Title =	 {Analysis of a hyper-diverse seed dispersal network:
                  modularity and underlying mechanisms},
  Volume =	 14,
  Year =	 2011
}

@article{Dunne2002,
  Author =	 {Dunne, J and Williams, R and Martinez N},
  Journal =	 {Ecol. Lett.},
  Pages =	 558,
  Title =	 {Network structure and biodiversity loss in food
                  webs: robustness increases with connectance},
  Volume =	 5,
  Year =	 2002
}

@article{Duopont2009,
  Author =	 {Dupont, Yoko L. and Olesen, Jens M.},
  Journal =	 {J. Anim. Ecol.},
  Number =	 2,
  Pages =	 {346--353},
  Title =	 {Ecological modules and roles of species in heathland
                  plant-insect flower visitor networks},
  Volume =	 78,
  Year =	 2009
}

@article{DupontandOlesen2009,
  Author =	 {Dupont, Yoko L. and Olesen, Jens M.},
  Journal =	 {J. Anim. Ecol.},
  Number =	 2,
  Pages =	 {346--353},
  Title =	 {Ecological modules and roles of species in heathland
                  plant-insect flower visitor networks},
  Volume =	 78,
  Year =	 2009
}

@article{DupontandOlesen2012,
  Author =	 {Dupont, Yoko L and Olesen, Jens M},
  Journal =	 {Ecol. Complex.},
  Pages =	 {84--90},
  Publisher =	 {Elsevier},
  Title =	 {Stability of modular structure in temporal
                  cumulative plant--flower-visitor networks},
  Volume =	 11,
  Year =	 2012
}

@article{Ehrlich1964,
  Author =	 {Ehrlich, P. R. and Raven, P. H.},
  Journal =	 {Evolution},
  Pages =	 {586-608},
  Title =	 {Butterflies and plants: a study in coevolution},
  Volume =	 18,
  Year =	 1964
}

@article{Eikeset2013,
  Author =	 {Eikeset, Anne Maria and Richter, Andries and Dunlop,
                  Erin S and Dieckmann, Ulf and Stenseth, Nils Chr},
  Journal =	 {Proc. Natl. Acad. Sci. U.S.A.},
  Number =	 30,
  Pages =	 {12259--12264},
  Publisher =	 {National Acad Sciences},
  Title =	 {Economic repercussions of fisheries-induced
                  evolution},
  Volume =	 110,
  Year =	 2013
}

@article{Eklof2013,
  Author =	 {Ekl{\"o}f, Anna and Jacob, Ute and Kopp, Jason and
                  Bosch, Jordi and Castro-Urgal, Roc{\'\i}o and
                  Chacoff, Natacha P and Dalsgaard, Bo and Sassi,
                  Claudio and Galetti, Mauro and Guimar{\~a}es Jr., Paulo
                  R and others},
  Journal =	 {Ecol. Lett.},
  Number =	 5,
  Pages =	 {577--583},
  Publisher =	 {Wiley Online Library},
  Title =	 {The dimensionality of ecological networks},
  Volume =	 16,
  Year =	 2013
}

@article{EmersonandGillespie2008,
  Author =	 {Emerson, Brent C and Gillespie, Rosemary G},
  Journal =	 {Trends Ecol. Evol.},
  Number =	 11,
  Pages =	 {619--630},
  Publisher =	 {Elsevier},
  Title =	 {Phylogenetic analysis of community assembly and
                  structure over space and time},
  Volume =	 23,
  Year =	 2008
}

@article{Encinas2012,
  Author =	 {Encinas-Viso, Francisco and Revilla, Tom{\'a}s A and
                  Etienne, Rampal S},
  Journal =	 {Ecol. Lett.},
  Number =	 3,
  Pages =	 {198--208},
  Publisher =	 {Wiley Online Library},
  Title =	 {Phenology drives mutualistic network structure and
                  diversity},
  Volume =	 15,
  Year =	 2012
}

@article{FangandHuang2012,
  Author =	 {Fang, Qiang and Huang, Shuang-Quan},
  Journal =	 {PloS one},
  Number =	 3,
  Pages =	 {e32663},
  Publisher =	 {Public Library of Science},
  Title =	 {Relative stability of core groups in pollination
                  networks in a biodiversity hotspot over four years},
  Volume =	 7,
  Year =	 2012
}

@article{Farenholz1913,
  Author =	 {Farenholz, H.},
  Journal =	 {Zoologische Anzeiger},
  Pages =	 {371--374},
  Title =	 {Ectoparasiten und Abstammungslehre},
  Volume =	 41,
  Year =	 1913
}

@article{Fontaine2011,
  Author =	 {Fontaine, Colin and Guimar{\~a}es Jr., Paulo R and
                  K{\'e}fi, Sonia and Loeuille, Nicolas and Memmott,
                  Jane and Van Der Putten, Wim H and Van Veen, Frank
                  JF and Th{\'e}bault, Elisa},
  Journal =	 {Ecol. Lett.},
  Number =	 11,
  Pages =	 {1170--1181},
  Publisher =	 {Wiley Online Library},
  Title =	 {The ecological and evolutionary implications of
                  merging different types of networks},
  Volume =	 14,
  Year =	 2011
}

@article{Forister2014,
  Author =	 {Forister, Matthew L and Novotny, Vojtech and
                  Panorska, Anna K and Baje, Leontine and Basset, Yves
                  and Butterill, Philip T and Cizek, Lukas and Coley,
                  Phyllis D and Dem, Francesca and Diniz, Ivone R and
                  Drozd, Pavel and Fox, Mark and Glassmire, Andrea E
                  and Hazen, Rebecca and Hrcek, Jan and Jahner, Joshua
                  P and Kaman, Ondrej and Kozubowski, Tomasz J and
                  Kursar, Thomas A and Lewis, Owen T and Lill, John
                  and Marquis, Robert J and Miller, Scott E and
                  Morais, Helena C and Murakami, Masashi and Nickel,
                  Herbert and Pardikes, Nicholas A and Ricklefs,
                  Robert E and Singer, Michael S and Smilanich, Angela
                  M and Stireman, John O and Villamar{\'\i}n-Cortez,
                  Santiago and Vodka, Stepan and Volf, Martin and
                  Wagner, David L and Walla, Thomas and Weiblen,
                  George D and Dyer, Lee A},
  Journal =	 {Proc. Natl. Acad. Sci. U.S.A.},
  Month =	 dec,
  Pages =	 201423042,
  Title =	 {{The global distribution of diet breadth in insect
                  herbivores.}},
  Year =	 2014
}

@article{Forister:2014cw,
  Author =	 {Forister, Matthew L and Novotny, Vojtech and
                  Panorska, Anna K and Baje, Leontine and Basset, Yves
                  and Butterill, Philip T and Cizek, Lukas and Coley,
                  Phyllis D and Dem, Francesca and Diniz, Ivone R and
                  Drozd, Pavel and Fox, Mark and Glassmire, Andrea E
                  and Hazen, Rebecca and Hrcek, Jan and Jahner, Joshua
                  P and Kaman, Ondrej and Kozubowski, Tomasz J and
                  Kursar, Thomas A and Lewis, Owen T and Lill, John
                  and Marquis, Robert J and Miller, Scott E and
                  Morais, Helena C and Murakami, Masashi and Nickel,
                  Herbert and Pardikes, Nicholas A and Ricklefs,
                  Robert E and Singer, Michael S and Smilanich, Angela
                  M and Stireman, John O and Villamar{\'\i}n-Cortez,
                  Santiago and Vodka, Stepan and Volf, Martin and
                  Wagner, David L and Walla, Thomas and Weiblen,
                  George D and Dyer, Lee A},
  Journal =	 {Proc. Natl. Acad. Sci. U.S.A.},
  Month =	 dec,
  Pages =	 201423042,
  Title =	 {{The global distribution of diet breadth in insect
                  herbivores.}},
  Year =	 2014
}

@article{Fort2016,
  Author =	 {Fort, Hugo and V{\'a}zquez, Diego P and Lan, Boon
                  Leong},
  Journal =	 {Ecol. Lett.},
  Number =	 1,
  Pages =	 {4--11},
  Publisher =	 {Wiley Online Library},
  Title =	 {Abundance and generalisation in mutualistic
                  networks: solving the chicken-and-egg dilemma},
  Volume =	 19,
  Year =	 2016
}

@article{Fortuna2006,
  Author =	 {Fortuna, Miguel A and Bascompte, Jordi},
  Journal =	 {Ecol. Lett.},
  Number =	 3,
  Pages =	 {281--286},
  Title =	 {Habitat loss and the structure of plant--animal
                  mutualistic networks},
  Volume =	 9,
  Year =	 2006
}

@article{Fortuna2010,
  Author =	 {Fortuna, Miguel A and Stouffer, Daniel B and Olesen,
                  Jens M and Jordano, Pedro and Mouillot, David and
                  Krasnov, Boris R and Poulin, Robert and Bascompte,
                  Jordi},
  Journal =	 {Journal of Animal Ecology},
  Number =	 4,
  Pages =	 {811--817},
  Publisher =	 {Wiley Online Library},
  Title =	 {Nestedness versus modularity in ecological networks:
                  two sides of the same coin?},
  Volume =	 79,
  Year =	 2010
}

@article{Fortunato2010,
  Author =	 {Fortunato, Santo},
  Journal =	 {Phys. Rep.},
  Number =	 3,
  Pages =	 {75--174},
  Title =	 {Community detection in graphs},
  Volume =	 486,
  Year =	 2010
}

@article{Galeano2009,
  Author =	 {Galeano, Javier and Pastor, Juan M and Iriondo, Jose
                  M},
  Journal =	 {Environmental Modeling \& Software},
  Number =	 11,
  Pages =	 {1342--1346},
  Publisher =	 {Elsevier},
  Title =	 {Weighted-interaction nestedness estimator (WINE): a
                  new estimator to calculate over frequency matrices},
  Volume =	 24,
  Year =	 2009
}

@article{Gause1936,
  Author =	 {Gause, GF},
  Journal =	 {Soil Sci.},
  Number =	 2,
  Pages =	 159,
  Publisher =	 {LWW},
  Title =	 {The Struggle for Existence.},
  Volume =	 41,
  Year =	 1936
}

@article{Gibson2011,
  Author =	 {Gibson, Rachel H. and Knott, Ben and Eberlein, Tim
                  and Memmott, Jane},
  Journal =	 {Oikos},
  Number =	 6,
  Pages =	 {822--831},
  Title =	 {Sampling method influences the structure of
                  plant-pollinator networks},
  Volume =	 120,
  Year =	 2011
}

@article{Gillespie1996,
  Author =	 {Gillespie, Daniel T},
  Journal =	 {Phys. Rev. E},
  Number =	 2,
  Pages =	 {2084--2091},
  Title =	 {Exact numerical simulation of the
                  {Ornstein-Uhlenbeck} process and its integral},
  Volume =	 54,
  Year =	 1996
}

@article{spiesman2016flexible,
  title={Flexible foraging shapes the topology of plant--pollinator interaction networks},
  author={Spiesman, Brian J and Gratton, Claudio},
  journal={Ecology},
  volume={97},
  number={6},
  pages={1431--1441},
  year={2016},
  publisher={Wiley Online Library}
}

@article{vazquez2012strength,
	Author = {V{\'a}zquez, Diego P and Lom{\'a}scolo, Silvia B and Maldonado, M Bel{\'e}n and Chacoff, Natacha P and Dorado, Jimena and Stevani, Erica L and Vitale, Nydia L},
	Journal = {Ecology},
	Number = 4,
	Pages = {719--725},
	Publisher = {Wiley Online Library},
	Title = {The strength of plant--pollinator interactions},
	Volume = 93,
	Year = 2012}

@article{gomez2012fitness,
	Author = {G{\'o}mez, Jos{\'e} M and Perfectti, Francisco},
	Journal = {Proc. Royal Soc. B},
	Number = 1734,
	Pages = {1754--1760},
	Publisher = {The Royal Society},
	Title = {Fitness consequences of centrality in mutualistic individual-based networks},
	Volume = 279,
	Year = 2012}

@incollection{GomezandZamora2006,
  Author =	 {G{\'o}mez, Jos{\'e} M and Zamora, Regino},
   booktitle =	 {Plant-pollinator interactions},
   editor = {Waser, NL, and Ollerton, J},
   publisher = {The University of Chicago Press: Chicago, IL},
  Pages =	 {145--166},
  Title =	 {Ecological factors that promote the evolution of
                  generalization in pollination systems},
  Year =	 2006
}

@article{Gower1971,
  Author =	 {Gower, John C},
  Journal =	 {Biometrics},
  Pages =	 {857--871},
  Publisher =	 {JSTOR},
  Title =	 {A general coefficient of similarity and some of its
                  properties},
  Year =	 1971
}

@article{Guimaraes2007,
  Author =	 {Guimar{\~a}es Jr., PR and Rico-Gray, V and Oliveira, PS
                  and Izzo, TJ and dos Reis, SF and Thompson, JN},
  Journal =	 {Curr. Biol.},
  Number =	 20,
  Pages =	 {1797--1803},
  Title =	 {Interaction intimacy affects structure and
                  coevolutionary dynamics in mutualistic networks},
  Volume =	 17,
  Year =	 2007
}

@article{Guimaraes2011,
  Author =	 {Guimar{\~a}es Jr., P. R. and Jordano, P. and Thompson,
                  J. N.},
  Journal =	 {Ecol. Lett.},
  Number =	 9,
  Pages =	 {877-885},
  Title =	 {Evolution and coevolution in mutualistic networks},
  Volume =	 14,
  Year =	 2011
}

@article{Guimera2004,
  Author =	 {Guimera, Roger and Sales-Pardo, Marta and Amaral,
                  Lu{\'\i}s A Nunes},
  Journal =	 {Phys. Rev. E},
  Number =	 2,
  Pages =	 025101,
  Publisher =	 {APS},
  Title =	 {Modularity from fluctuations in random graphs and
                  complex networks},
  Volume =	 70,
  Year =	 2004
}

@article{Guimera2005,
  Author =	 {Guimera, Roger and Amaral, Luis A Nunes},
  Journal =	 {Nature},
  Number =	 7028,
  Pages =	 {895--900},
  Publisher =	 {Nature Publishing Group},
  Title =	 {Functional cartography of complex metabolic
                  networks},
  Volume =	 433,
  Year =	 2005
}


@article{Higgins2006,
  Author =	 {L. Higgins, Christopher and R. Willig, Michael and
                  E. Strauss, Richard},
  Journal =	 {Oikos},
  Number =	 1,
  Pages =	 {159--167},
  Title =	 {The role of stochastic processes in producing nested
                  patterns of species distributions},
  Volume =	 114,
  Year =	 2006
}

@article{Hoberg2008,
  Author =	 {Hoberg, Eric P and Brooks, Daniel R},
  Journal =	 {J. Biogeography},
  Number =	 9,
  Pages =	 {1533--1550},
  Publisher =	 {Wiley Online Library},
  Title =	 {A macroevolutionary mosaic: episodic host-switching,
                  geographical colonization and diversification in
                  complex host--parasite systems},
  Volume =	 35,
  Year =	 2008
}

@article{Holt1977,
  Author =	 {Holt, Robert D},
  Journal =	 {Theor. Popul. Biol.},
  Number =	 2,
  Pages =	 {197--229},
  Publisher =	 {Elsevier},
  Title =	 {Predation, apparent competition, and the structure
                  of prey communities},
  Volume =	 12,
  Year =	 1977
}

@article{Ives2006,
  Author =	 {Ives, A. R. and Godfray, C. J.},
  Journal =	 {Am. Nat.},
  M3 =		 {10.1086/505157},
  Pages =	 {E1--E14},
  Title =	 {Phylogenetic analysis of trophic associations},
  Volume =	 168,
  Year =	 2006
}

@article{James2012,
  Author =	 {James, Alex and Pitchford, Jonathan W and Plank,
                  Michael J},
  Journal =	 {Nature},
  Number =	 7406,
  Pages =	 {227--230},
  Publisher =	 {Nature Publishing Group},
  Title =	 {Disentangling nestedness from models of ecological
                  complexity},
  Volume =	 487,
  Year =	 2012
}

@article{Jonhson2013,
  Author =	 {Jonhson, Samuel and Dominguez-Garcia, Virginia and
                  Munoz, Miguel A},
  Journal =	 {PloS one},
  Number =	 9,
  Pages =	 {e74025},
  Publisher =	 {Public Library of Science},
  Title =	 {Factors determining nestedness in complex networks},
  Volume =	 8,
  Year =	 2013
}

@article{Jordano1987,
  Author =	 {Jordano, Pedro},
  Journal =	 {Am. Nat.},
  Pages =	 {657--677},
  Publisher =	 {JSTOR},
  Title =	 {Patterns of mutualistic interactions in pollination
                  and seed dispersal: connectance, dependence
                  asymmetries, and coevolution},
  Year =	 1987
}

@article{Jordano1995,
  Author =	 {Jordano, P.},
  Journal =	 {Am. Nat.},
  Pages =	 {163-191},
  Title =	 {Angiosperm fleshy fruits and seed dispersers: a
                  comparative analysis of adaptation and constraints
                  in plant-animal interactions},
  Volume =	 145,
  Year =	 1995
}

@article{Jordano2003,
  Author =	 {Jordano, P. and Bascompte, J. and Olesen, J. M.},
  Journal =	 {Ecol. Lett.},
  Pages =	 {69--81},
  Title =	 {Invariant properties in coevolutionary networks of
                  plant-animal interactions},
  Volume =	 6,
  Year =	 2003
}


@article{Kearns1998,
  Author =	 {Kearns, C. A. and Inouye, D. W. and Waser, N. M.},
  Journal =	 {Annu. Rev. Ecol. Evol. Syst.},
  Pages =	 83,
  Title =	 {Endangered Mutualisms: The Conservation of
                  Plant-Pollinator Interactions},
  Volume =	 29,
  Year =	 1998
}

@article{Kembel2009,
  Author =	 {Kembel, Steven W.},
  Journal =	 {Ecol. Lett.},
  Number =	 9,
  Pages =	 {949--960},
  Title =	 {Disentangling niche and neutral influences on
                  community assembly: assessing the performance of
                  community phylogenetic structure tests},
  Volume =	 12,
  Year =	 2009
}

@article{Klassen1992,
  Author =	 {Klassen, Greg J.},
  Journal =	 {The Journal of Parasitology},
  Number =	 4,
  Pages =	 {573--587},
  Publisher =	 {The American Society of Parasitologists},
  Title =	 {Coevolution: A History of the Macroevolutionary
                  Approach to Studying Host-Parasite Associations},
  Volume =	 78,
  Year =	 1992
}

@article{Krasnov2012,
  Author =	 {Krasnov, Boris R and Fortuna, Miguel A and Mouillot,
                  David and Khokhlova, Irina S and Shenbrot, Georgy I
                  and Poulin, Robert},
  Journal =	 {Am. Nat.},
  Number =	 4,
  Pages =	 {501--511},
  Title =	 {Phylogenetic signal in module composition and
                  species connectivity in compartmentalized
                  host-parasite networks},
  Volume =	 179,
  Year =	 2012
}

@article{Krasnov2013,
  Author =	 {Krasnov, Boris R and Pilosof, Shai and Stanko,
                  Michal and Morand, Serge and Korallo-Vinarskaya,
                  Natalia P and Vinarski, Maxim V and Poulin, Robert},
  Journal =	 {Oikos},
  Number =	 1,
  Pages =	 {63--70},
  Title =	 {Co-occurrence and phylogenetic distance in
                  communities of mammalian ectoparasites: limiting
                  similarity versus environmental filtering},
  Volume =	 123,
  Year =	 2014
}

@article{Krause2003,
  Author =	 {Krause, Ann E and Frank, Kenneth A and Mason, Doran
                  M and Ulanowicz, Robert E and Taylor, William W},
  Journal =	 {Nature},
  Number =	 6964,
  Pages =	 {282--285},
  Title =	 {Compartments revealed in food-web structure},
  Volume =	 426,
  Year =	 2003
}

@article{Krishna2008,
  Author =	 {Krishna, Abhay and Guimar{\~a}es Jr., Paulo R and
                  Jordano, Pedro and Bascompte, Jordi},
  Journal =	 {Oikos},
  Number =	 11,
  Pages =	 {1609--1618},
  Title =	 {A neutral-niche theory of nestedness in mutualistic
                  networks},
  Volume =	 117,
  Year =	 2008
}

@article{LavertyandPlowright1988,
  Author =	 {Laverty, Terence M and Plowright, RC},
  Journal =	 {Animal Behaviour},
  Number =	 3,
  Pages =	 {733--740},
  Publisher =	 {Elsevier},
  Title =	 {Flower handling by bumblebees: a comparison of
                  specialists and generalists},
  Volume =	 36,
  Year =	 1988
}

@article{Leibold2004,
  Author =	 {Leibold, Mathew A and Holyoak, Marcel and Mouquet,
                  Nicolas and Amarasekare, Priyanga and Chase,
                  Jonathan M and Hoopes, Martha F and Holt, Robert D
                  and Shurin, Jonathan B and Law, Richard and Tilman,
                  David and others},
  Journal =	 {Ecol. Lett.},
  Number =	 7,
  Pages =	 {601--613},
  Publisher =	 {Wiley Online Library},
  Title =	 {The metacommunity concept: a framework for
                  multi-scale community ecology},
  Volume =	 7,
  Year =	 2004
}

@article{stein2014environmental,
  title={Environmental heterogeneity as a universal driver of species richness across taxa, biomes and spatial scales},
  author={Stein, Anke and Gerstner, Katharina and Kreft, Holger},
  journal={Ecol. Lett.},
  volume={17},
  number={7},
  pages={866--880},
  year={2014},
  publisher={Wiley Online Library}
}

@article{hofmann2010living,
  title={Living in the now: physiological mechanisms to tolerate a rapidly changing environment},
  author={Hofmann, Gretchen E and Todgham, Anne E},
  journal={Annu. Rev. Physiol.},
  volume={72},
  pages={127--145},
  year={2010},
  publisher={Annual Reviews}
}

@article{Lever2014,
  Author =	 {Lever, J. Jelle and van Nes, Egbert H. and Scheffer,
                  Marten and Bascompte, Jordi},
  Journal =	 {Ecol. Lett.},
  Number =	 3,
  Pages =	 {350--359},
  Title =	 {The sudden collapse of pollinator communities},
  Volume =	 17,
  Year =	 2014
}

@article{Lewinsohn2006,
  Author =	 {Lewinsohn, Thomas M and In{\'a}cio Prado, Paulo and
                  Jordano, Pedro and Bascompte, Jordi and M Olesen,
                  Jens},
  Journal =	 {Oikos},
  Number =	 1,
  Pages =	 {174--184},
  Publisher =	 {Wiley Online Library},
  Title =	 {Structure in plant--animal interaction assemblages},
  Volume =	 113,
  Year =	 2006
}

@article{Lim2015,
  Author =	 {Lim, Jun Ying and Fine, Paul V A and Mittelbach,
                  Gary G},
  Journal =	 {Glob. Ecol. Biogeogr.},
  Month =	 jun,
  Pages =	 {1106--1112},
  Title =	 {{Assessing the latitudinal gradient in herbivory}},
  Volume =	 24,
  Year =	 2015
}

@article{Loeuille2010,
  Author =	 {Loeuille, Nicolas},
  Journal =	 {Ecol. Lett.},
  Number =	 12,
  Pages =	 {1536--1545},
  Publisher =	 {Wiley Online Library},
  Title =	 {Influence of evolution on the stability of
                  ecological communities},
  Volume =	 13,
  Year =	 2010
}

@article{LoeuilleandLoreau2005,
  Author =	 {Loeuille, Nicolas and Loreau, Michel},
  Journal =	 {Proc. Natl. Acad. Sci. U.S.A.},
  Number =	 16,
  Pages =	 {5761--5766},
  Publisher =	 {National Acad Sciences},
  Title =	 {Evolutionary emergence of size-structured food webs},
  Volume =	 102,
  Year =	 2005
}

@article{Losos2008,
  Author =	 {Losos, J.B.},
  Journal =	 {Ecol. Lett.},
  Pages =	 {995--1007},
  Title =	 {Phylogenetic niche conservatism, phylogenetic signal
                  and the relationship between phylogenetic
                  relatedness and ecological similarity among species},
  Volume =	 11,
  Year =	 2008
}

@book{MacArthurandWilson1967,
  Author =	 {MacArthur, Robert H and Wilson, Edward O},
  Publisher =	 {Princeton University Press: Princeton, NJ},
  Title =	 {Theory of Island Biogeography.(MPB-1)},
  Volume =	 1,
  Year =	 1967
}

@article{Machado2005,
  Author =	 {Machado, Carlos A. and Robbins, Nancy and Gilbert,
                  M. Thomas P. and Herre, Edward Allen},
  Journal =	 {Proc. Natl Acad. Sci. U.S.A.},
  Pages =	 {6558-6565},
  Title =	 {Critical review of host specificity and its
                  coevolutionary implications in the fig/fig-wasp
                  mutualism},
  Volume =	 102,
  Year =	 2005
}

@article{May1972,
  Author =	 {May, Robert M},
  Journal =	 {Nature},
  Pages =	 {413--414},
  Title =	 {Will a large complex system be stable?},
  Volume =	 238,
  Year =	 1972
}

@article{McGill2007,
  Author =	 {McGill, Brian J. and Etienne, Rampal S. and Gray,
                  John S. and Alonso, David and Anderson, Marti J. and
                  Benecha, Habtamu Kassa and Dornelas, Maria and
                  Enquist, Brian J. and Green, Jessica L. and He,
                  Fangliang and Hurlbert, Allen H. and Magurran, Anne
                  E. and Marquet, Pablo A. and Maurer, Brian A. and
                  Ostling, Annette and Soykan, Candan U. and Ugland,
                  Karl I. and White, Ethan P.},
  Journal =	 {Ecol. Lett.},
  Number =	 10,
  Pages =	 {995--1015},
  Title =	 {Species abundance distributions: moving beyond
                  single prediction theories to integration within an
                  ecological framework},
  Volume =	 10,
  Year =	 2007
}

@article{Memmott2004,
  Author =	 {Memmott, J. and Waser, N. M. and Price, M. V.},
  Journal =	 {Proc. R. Soc. Lond., B, Biol. Sci.},
  Pages =	 {2605--2611},
  Title =	 {Tolerance of pollination networks to species
                  extinctions},
  Volume =	 271,
  Year =	 2004
}

@article{Menz2010,
  Author =	 {Menz, MHM and Phillips, RD and Winfree, R and
                  Kremen, C and Aizen, MA and Johnson, SD and Dixon,
                  KW},
  Journal =	 {Trends in Plant Sci.},
  Pages =	 {4-12},
  Title =	 {Reconnecting plants and pollinators: challenges in
                  the restoration of pollination mutualisms},
  Volume =	 16,
  Year =	 2010
}

@article{Mittelbach2015,
  Author =	 {Mittelbach, Gary G and Schemske, Douglas W},
  Journal =	 {Trends Ecol. Evol.},
  Number =	 5,
  Pages =	 {241--247},
  Publisher =	 {Elsevier},
  Title =	 {Ecological and evolutionary perspectives on
                  community assembly},
  Volume =	 30,
  Year =	 2015
}

@article{MittelbachandSchemske2015,
  Author =	 {Mittelbach, Gary G and Schemske, Douglas W},
  Journal =	 {Trends Ecol. Evol.},
  Number =	 5,
  Pages =	 {241--247},
  Publisher =	 {Elsevier},
  Title =	 {Ecological and evolutionary perspectives on
                  community assembly},
  Volume =	 30,
  Year =	 2015
}

@article{Montoya2003,
  Author =	 {Montoya, Jose M and Sol{\'e}, Ricard V},
  Journal =	 {Oikos},
  Number =	 3,
  Pages =	 {614--622},
  Publisher =	 {Wiley Online Library},
  Title =	 {Topological properties of food webs: from real data
                  to community assembly models},
  Volume =	 102,
  Year =	 2003
}

@article{Mooers2012,
  Author =	 {Mooers, Arne and Gascuel, Olivier and Stadler, Tanja
                  and Li, Heyang and Steel, Mike},
  Journal =	 {Systematic Biology},
  Number =	 2,
  Pages =	 {195--203},
  Title =	 {Branch lengths on birth--death trees and the
                  expected loss of phylogenetic diversity},
  Volume =	 61,
  Year =	 2012
}

@book{Morin2009,
  Author =	 {Morin, Peter J},
  Publisher =	 {John Wiley \& Sons},
  Title =	 {Community ecology},
  Year =	 2009
}

@article{Newman2004,
  Author =	 {Newman, M and Girvan, M},
  Journal =	 {Phys. Rev. E},
  Pages =	 026113,
  Title =	 {Finding and evaluating community structure in
                  networks},
  Volume =	 69,
  Year =	 2004
}

@article{Nielsen2007,
  Author =	 {Nielsen, Anders and Bascompte, Jordi},
  Journal =	 {J. Ecol.},
  Number =	 5,
  Pages =	 {1134--1141},
  Publisher =	 {Wiley Online Library},
  Title =	 {Ecological networks, nestedness and sampling effort},
  Volume =	 95,
  Year =	 2007
}

@article{Nuismer2006,
  Author =	 {Nuismer, Scott L and Thompson, John N},
  Journal =	 {Evolution},
  Number =	 11,
  Pages =	 {2207--2217},
  Publisher =	 {Wiley Online Library},
  Title =	 {Coevolutionary alternation in antagonistic
                  interactions},
  Volume =	 60,
  Year =	 2006
}

@article{Nuismer2013,
  Author =	 {Nuismer, Scott L. and Jordano, Pedro and Bascompte,
                  Jordi},
  Journal =	 {Evolution},
  Number =	 2,
  Pages =	 {338-354},
  Title =	 {Coevolution and the architecture of mutualistic
                  networks},
  Volume =	 67,
}

@article{hembry2018does,
author = {Hembry, David H. and Raimundo, Rafael L. G. and Newman, Erica A. and Atkinson, Lesje and Guo, Chang and Guimarães, Paulo R. and Gillespie, Rosemary G.},
title = {Does biological intimacy shape ecological network structure? {A} test using a brood pollination mutualism on continental and oceanic islands},
journal = {Journal of Animal Ecology},
volume = {87},
number = {4},
year=2018,
pages = {1160-1171}
}

@article{trojelsgaard2013island,
  title={Island biogeography of mutualistic interaction networks},
  author={Tr{\o}jelsgaard, Kristian and B{\'a}ez, Marcos and Espadaler, Xavier and Nogales, Manuel and Orom{\'\i}, Pedro and Roche, Francisco La and Olesen, Jens M},
  journal={J. Biogeogr.},
  volume={40},
  number={11},
  pages={2020--2031},
  year={2013},
  publisher={Wiley Online Library}
}

@article{traveset2015bird,
  title={Bird--flower visitation networks in the {G}al{\'a}pagos unveil a widespread interaction release},
  author={Traveset, Anna and Olesen, Jens M and Nogales, Manuel and Vargas, Pablo and Jaramillo, Patricia and Antol{\'\i}n, Elena and Trigo, Mar{\'\i}a Mar and Heleno, Ruben},
  journal={Nature Commun.},
  volume={6},
  pages={6376},
  year={2015},
  publisher={Nature Publishing Group}
}

@article{Olesen2002,
  Author =	 {Olesen, Jens M and Eskildsen, Louise I and
                  Venkatasamy, Shadila},
  Journal =	 {Diversity and Distributions},
  Number =	 3,
  Pages =	 {181--192},
  Publisher =	 {Wiley Online Library},
  Title =	 {Invasion of pollination networks on oceanic islands:
                  importance of invader complexes and endemic super
                  generalists},
  Volume =	 8,
  Year =	 2002
}

@article{Olesen2007,
  Author =	 {Olesen, J. and Bascompte, J. and Dupont, Y. and
                  Jordano, P.},
  Journal =	 {Proc. Natl Acad. Sci. U.S.A.},
  Pages =	 {19891--19896},
  Title =	 {The modularity of pollination networks.},
  Volume =	 104,
  Year =	 2007
}

@article{Olesen2008,
  Author =	 {Olesen, J and Bascompte, J and Elberling, H and
                  Jordano, P},
  Journal =	 {Ecology},
  Pages =	 1573,
  Title =	 {Temporal dynamics in a pollination network},
  Volume =	 89,
  Year =	 2008
}

@article{Olesen2011,
  Author =	 {Olesen, J. M. and Stefanescu, C. and Traveset, A.},
  Journal =	 {Plos One},
  Title =	 {Strong Long-Term Temporal Dynamics of an Ecological
                  Network},
  Volume =	 6,
  Year =	 2011
}

@article{Owen-SmithandMills2008,
  Author =	 {Owen-Smith, Norman and Mills, Michael GL},
  Journal =	 {Ecology},
  Number =	 4,
  Pages =	 {1120--1133},
  Publisher =	 {Eco Soc America},
  Title =	 {Shifting prey selection generates contrasting
                  herbivore dynamics within a large-mammal
                  predator-prey web},
  Volume =	 89,
  Year =	 2008
}

@article{Page1991,
  Author =	 {Page, R. D. M.},
  Journal =	 {Systematic Zoology},
  Pages =	 {188--198},
  Title =	 {Clocks, clades, and cospeciation: comparing rates of
                  evolution and timing of cospeciation events in
                  host-parasite assemblages},
  Volume =	 40,
  Year =	 1991
}

@book{Paradis2012,
  Author =	 {Paradis, Emmanuel},
  Publisher =	 {Springer, NY},
  Title =	 {Analysis of Phylogenetics and Evolution with R},
  Year =	 2012
}

@book{PascualandDunne2006,
  Author =	 {Pascual, Mercedes and Dunne, Jennifer A},
  Publisher =	 {Oxford University Press: Oxford, UK},
  Title =	 {Ecological networks: linking structure to dynamics
                  in food webs},
  Year =	 2006
}

@article{Petanidou2008,
  Author =	 {Petanidou, T. and Kallimanis, S.A. and Tzanopoulos,
                  J. and Sgardelis, S.P. and Pantis, J.D.},
  Journal =	 {Ecol. Lett.},
  Pages =	 564,
  Title =	 {Long-term observation of a pollination network:
                  fluctuation in species and interactions, relative
                  invariance of network structure and implications for
                  estimates of specialization},
  Volume =	 11,
  Year =	 2008
}

@article{Pillai2011,
  Author =	 {Pillai, Pradeep and Gonzalez, Andrew and Loreau,
                  Michel},
  Journal =	 {Proc. Natl Acad. Sci. U.S.A.},
  Number =	 48,
  Pages =	 {19293--19298},
  Publisher =	 {National Acad Sciences},
  Title =	 {Metacommunity theory explains the emergence of food
                  web complexity},
  Volume =	 108,
  Year =	 2011
}

@article{Pimm1979,
  Author =	 {Pimm, Stuart L},
  Journal =	 {Theor. Popul. Biol.},
  Number =	 2,
  Pages =	 {144--158},
  Title =	 {The structure of food webs},
  Volume =	 16,
  Year =	 1979
}

@article{Pimm1980,
  Author =	 {Pimm, Stuart L and Lawton, John H},
  Journal =	 {J. Anim. Ecol.},
  Pages =	 {879--898},
  Title =	 {Are food webs divided into compartments?},
  Volume =	 49,
  Year =	 1980
}

@article{Pimm1991,
  Author =	 {Pimm, Stuart L and Lawton, John H and Cohen, Joel E},
  Journal =	 {Nature},
  Number =	 6320,
  Pages =	 {669--674},
  Title =	 {Food web patterns and their consequences},
  Volume =	 350,
  Year =	 1991
}

@article{Pires2011,
  Author =	 {Pires, Mathias M and Prado, Paulo I and
                  Guimar{\~a}es Jr., Paulo R},
  Journal =	 {PLoS One},
  Number =	 11,
  Pages =	 {e27280},
  Publisher =	 {Public Library of Science},
  Title =	 {Do food web models reproduce the structure of
                  mutualistic networks?},
  Volume =	 6,
  Year =	 2011
}

@article{Pocock2012,
  Author =	 {Pocock, M. J. O. and Evans, D. M. and Memmott, J.},
  Journal =	 {Science},
  Pages =	 973,
  Title =	 {The Robustness and Restoration of a Network of
                  Ecological Networks},
  Volume =	 335,
  Year =	 2012
}

@article{Poisot2012,
  Author =	 {Poisot, Timoth{\'e}e and Canard, Elsa and Mouillot,
                  David and Mouquet, Nicolas and Gravel, Dominique},
  Journal =	 {Ecol. Lett.},
  Number =	 12,
  Pages =	 {1353--1361},
  Publisher =	 {Wiley Online Library},
  Title =	 {The dissimilarity of species interaction networks},
  Volume =	 15,
  Year =	 2012
}

@incollection{Pons2005,
  Author =	 {Pons, Pascal and Latapy, Matthieu},
  Booktitle =	 {Computer and Information Sciences-ISCIS 2005},
  Pages =	 {284--293},
  Publisher =	 {Springer, NY},
  Title =	 {Computing communities in large networks using random
                  walks},
  Year =	 2005
}

@article{Preston1948,
  Author =	 {Preston, F. W.},
  Journal =	 {Ecology},
  Pages =	 {254--283},
  Title =	 {The commonness, and rarity, of species},
  Volumne =	 29,
  Year =	 1948
}

@article{Proulx2005,
  Author =	 {S. R. Proulx and D. E. L. Promislow and
                  P. C. Phillips},
  Journal =	 {Trends Ecol. Evol.},
  Pages =	 345,
  Title =	 {Network thinking in ecology and evolution},
  Volume =	 20,
  Year =	 2005
}

@article{Ramirez2011,
  Author =	 {Ram\'irez, Santiago R. and Eltz, Thomas and
                  Fujiwara, Mikiko K. and Gerlach, G{\"u}nter and
                  Goldman-Huertas, Benjamin and Tsutsui, Neil D. and
                  Pierce, Naomi E.},
  Journal =	 {Science},
  Number =	 6050,
  Pages =	 {1742-1746},
  Title =	 {Asynchronous Diversification in a Specialized
                  Plant-Pollinator Mutualism},
  Volume =	 333,
  Year =	 2011
}

@article{Revell2008,
  Author =	 {Revell, L.J. and Harmon, L.J. and Collar, D.C.},
  Journal =	 {Systematic Biology},
  Pages =	 {591-- 601},
  Title =	 {Phylogenetic signal, evolutionary process, and rate},
  Volume =	 57,
  Year =	 2008
}

@article{fritschie2014evolutionary,
  title={Evolutionary history and the strength of species interactions: testing the phylogenetic limiting similarity hypothesis},
  author={Fritschie, Keith J and Cardinale, Bradley J and Alexandrou, Markos A and Oakley, Todd H},
  journal={Ecology},
  volume={95},
  number={5},
  pages={1407--1417},
  year={2014},
  publisher={Wiley Online Library}
}

@article{Rezende2007,
  Author =	 {Rezende, Enrico L and Lavabre, Jessica E and
                  Guimar{\~a}es Jr., Paulo R and Jordano, Pedro and
                  Bascompte, Jordi},
  Journal =	 {Nature},
  Number =	 7156,
  Pages =	 {925--928},
  Publisher =	 {Nature Publishing Group},
  Title =	 {Non-random coextinctions in phylogenetically
                  structured mutualistic networks},
  Volume =	 448,
  Year =	 2007
}

@article{Ricketts2008,
  Author =	 {Ricketts, TH and Regetz, J and Steffan-Dewenter, I
                  and Cunningham, SA and Kremen, C and Bogdanski, A
                  and Gemmill-Herren, B and Greenleaf, SS and Klein,
                  AM and Mayfield, MM and Morandin, LA and Ochieng, A
                  and Potts, SG anf Viana, BF},
  Journal =	 {Ecol. Lett.},
  Pages =	 {499-515},
  Title =	 {Landscape effects on crop pollination services: are
                  there general patterns?},
  Volume =	 11,
  Year =	 2008
}

@article{Rivera2012,
  Author =	 {Rivera-Hutinel, A and Bustamante, RO and Mar{\'\i}n,
                  VH and Medel, R},
  Journal =	 {Ecology},
  Number =	 7,
  Pages =	 {1593--1603},
  Publisher =	 {Eco Soc America},
  Title =	 {Effects of sampling completeness on the structure of
                  plant-pollinator networks},
  Volume =	 93,
  Year =	 2012
}

@article{Romanuk2009,
  Author =	 {Romanuk, Tamara N and Zhou, Yun and Brose, Ulrich
                  and Berlow, Eric L and Williams, Richard J and
                  Martinez, Neo D},
  Journal =	 {Phil. Trans. R. Soc. B},
  Number =	 1524,
  Pages =	 {1743--1754},
  Publisher =	 {The Royal Society},
  Title =	 {Predicting invasion success in complex ecological
                  networks},
  Volume =	 364,
  Year =	 2009
}

@article{Romanuk2017,
  Author =	 {Romanuk, TN and Zhou, Y and Valdovinos, FS and
                  Martinez, ND},
  Journal =	 {Advances in Ecological Research},
  Publisher =	 {Elsevier},
  Title =	 {Robustness Trade-Offs in Model Food Webs: Invasion
                  Probability Decreases While Invasion Consequences
                  Increase With Connectance},
  Year =	 2017
}

@article{rominger2016community,
  title={Community assembly on isolated islands: macroecology meets evolution},
  author={Rominger, AJ and Goodman, KR and Lim, JY and Armstrong, EE and Becking, LE and Bennett, GM and Brewer, MS and Cotoras, DD and Ewing, CP and Harte, J and others},
  journal={Global Ecol. and Biogeogr.},
  volume={25},
  number={7},
  pages={769--780},
  year={2016},
  publisher={Wiley Online Library}
}

@article{Saavedra2015,
  Author =	 {Saavedra, Serguei and Rohr, Rudolf Philippe and
                  Fortuna, Miguel and Selva, Nuria and Bascompte,
                  Jordi},
  Journal =	 {Ecology},
  Publisher =	 {Eco Soc America},
  Title =	 {Seasonal species interactions minimize the impact of
                  species turnover on the likelihood of community
                  persistence},
  Year =	 2015
}

@article{Santamaria2007,
  Author =	 {Santamar{\'\i}a, Luis AND
                  Rodr{\'\i}guez-Giron{\'e}s, Miguel A},
  Journal =	 {PLoS Biol.},
  Pages =	 {e31},
  Publisher =	 {Public Library of Science},
  Title =	 {Linkage Rules for Plant--Pollinator Networks: Trait
                  Complementarity or Exploitation Barriers?},
  Volume =	 5,
  Year =	 2007
}

@article{Sargent2008,
  Author =	 {R. D. Sargent and D. D. Ackerly},
  Journal =	 {Trends Ecol. Evol.},
  Pages =	 123,
  Title =	 {Plant-pollinator interactions and the assembly of
                  plant communities},
  Volume =	 23,
  Year =	 2008
}

@article{Schemske2009,
  Author =	 {Schemske, Douglas W and Mittelbach, Gary G and
                  Cornell, Howard V and Sobel, James M and Roy,
                  Kaustuv},
  Journal =	 {Annu. Rev. Ecol. Evol. Syst.},
  Month =	 feb,
  Number =	 1,
  Pages =	 {245--269},
  Title =	 {{Is there a latitudinal gradient in the importance
                  of biotic interactions?}},
  Volume =	 40,
  Year =	 2009
}

@article{Schemske:2009gh,
  Author =	 {Schemske, Douglas W and Mittelbach, Gary G and
                  Cornell, Howard V and Sobel, James M and Roy,
                  Kaustuv},
  Journal =	 {Annu. Rev. Ecol. Evol. Syst.},
  Month =	 feb,
  Number =	 1,
  Pages =	 {245--269},
  Title =	 {{Is there a latitudinal gradient in the importance
                  of biotic interactions?}},
  Volume =	 40,
  Year =	 2009
}

@article{SimberloffandWilson1970,
  Author =	 {Simberloff, Daniel S and Wilson, Edward O},
  Journal =	 {Ecology},
  Number =	 5,
  Pages =	 {934--937},
  Publisher =	 {Wiley Online Library},
  Title =	 {Experimental zoogeography of islands. A two-year
                  record of colonization},
  Volume =	 51,
  Year =	 1970
}

@article{Smith2008,
  Author =	 {Smith, C.I. and Pellmyr, O. and Althoff, D.M. and
                  Balc{\'a}zar-Lara, M. and Leebens-Mack, J. AND
                  Segraves, K.A.},
  Journal =	 {Proc. Roy. Soc. Lond. B Biol.},
  Pages =	 {249--258},
  Title =	 {Pattern and timing of diversification in Yucca
                  (Agavaceae): specialized pollination does not
                  escalate rates of diversification},
  Volume =	 275,
  Year =	 2008
}

@article{Stang2007,
  Author =	 {Stang, Martina and Klinkhamer, Peter GL and Van der
                  Meijden, Eddy},
  Journal =	 {Oecologia},
  Number =	 3,
  Pages =	 {442--453},
  Title =	 {Asymmetric specialization and extinction risk in
                  plant--flower visitor webs: a matter of morphology
                  or abundance?},
  Volume =	 151,
  Year =	 2007
}

@article{Stang2009,
  Author =	 {Stang, M and Klinkhamer, PGL and Waser, NM and
                  Stang, I and van der, Meijden E},
  Journal =	 {Annals of Botany},
  Number =	 {1459--1469},
  Title =	 {Size-specific interaction patterns and size matching
                  in a plant-pollinator interaction web},
  Volume =	 103,
  Year =	 2009
}

@article{StoufferandBascompte2011,
  Author =	 {Stouffer, Daniel B and Bascompte, Jordi},
  Journal =	 {Proc. Natl. Acad. Sci. U.S.A.},
  Number =	 9,
  Pages =	 {3648--3652},
  Publisher =	 {National Acad Sciences},
  Title =	 {Compartmentalization increases food-web persistence},
  Volume =	 108,
  Year =	 2011
}

@article{Strickler1979,
  Author =	 {Strickler, Karen},
  Journal =	 {Ecology},
  Number =	 5,
  Pages =	 {998--1009},
  Publisher =	 {Wiley Online Library},
  Title =	 {Specialization and foraging efficiency of solitary
                  bees},
  Volume =	 60,
  Year =	 1979
}

@article{Suweis2013,
  Author =	 {Suweis, Samir and Simini, Filippo and Banavar,
                  Jayanth R and Maritan, Amos},
  Journal =	 {Nature},
  Number =	 7463,
  Pages =	 {449--452},
  Publisher =	 {Nature Publishing Group},
  Title =	 {Emergence of structural and dynamical properties of
                  ecological mutualistic networks},
  Volume =	 500,
  Year =	 2013
}


@article{brosi2013single,
	Author = {Brosi, Berry J and Briggs, Heather M},
	Journal = {Proc. Natl. Acad. Sci. U.S.A.},
	Number = 32,
	Pages = {13044--13048},
	Publisher = {National Acad Sciences},
	Title = {Single pollinator species losses reduce floral fidelity and plant reproductive function},
	Volume = 110,
	Year = 2013}
	
@article{bolnick2008predictable,
  title={Predictable patterns of disruptive selection in stickleback in postglacial lakes},
  author={Bolnick, Daniel I and Lau, On Lee},
  journal={Am. Nat.},
  volume={172},
  number={1},
  pages={1--11},
  year={2008},
  publisher={The University of Chicago Press}
}
	
	@article{bolnick2004can,
  title={Can intraspecific competition drive disruptive selection? An experimental test in natural populations of sticklebacks},
  author={Bolnick, Daniel I},
  journal={Evolution},
  volume={58},
  number={3},
  pages={608--618},
  year={2004},
  publisher={Wiley Online Library}
}

@article{brosi2016pollinator,
	Author = {Brosi, Berry J},
	Journal = {New Phytol.},
	Number = 4,
	Pages = {1190--1194},
	Publisher = {Wiley Online Library},
	Title = {Pollinator specialization: from the individual to the community},
	Volume = 210,
	Year = 2016}


@article{coux2016linking,
	Author = {Coux, Camille and Rader, Romina and Bartomeus, Ignasi and Tylianakis, Jason M},
	Journal = {Ecol. Lett.},
	Number = 7,
	Pages = {762--770},
	Publisher = {Wiley Online Library},
	Title = {Linking species functional roles to their network roles},
	Volume = 19,
	Year = 2016}
    
    @article{kaiser2010conservation,
  title={Conservation and restoration of plant--animal mutualisms on oceanic islands},
  author={Kaiser-Bunbury, Christopher N and Traveset, Anna and Hansen, Dennis M},
  journal={Perspect. Plant Ecol. Syst.},
  volume={12},
  number={2},
  pages={131--143},
  year={2010},
  publisher={Elsevier}
}
    
    @article{petchey2006functional,
	Author = {Petchey, Owen L and Gaston, Kevin J},
	Journal = {Ecol. Lett.},
	Number = 6,
	Pages = {741--758},
	Publisher = {Wiley Online Library},
	Title = {Functional diversity: back to basics and looking forward},
	Volume = 9,
	Year = 2006}

@article{olesen2003lizards,
  title={Lizards as pollinators and seed dispersers: an island phenomenon},
  author={Olesen, Jens M and Valido, Alfredo},
  journal={Trends Ecol. Evol.},
  volume={18},
  number={4},
  pages={177--181},
  year={2003},
  publisher={Elsevier}
}

@article{petchey2007dendrograms,
  title={Dendrograms and measuring functional diversity},
  author={Petchey, Owen L and Gaston, Kevin J},
  journal={Oikos},
  volume={116},
  number={8},
  pages={1422--1426},
  year={2007},
  publisher={Wiley Online Library}
}

@article{schleuning2015predicting,
	Author = {Schleuning, Matthias and Fr{\"u}nd, Jochen and Garc{\'\i}a, Daniel},
	Journal = {Ecography},
	Number = 4,
	Pages = {380--392},
	Publisher = {Wiley Online Library},
	Title = {Predicting ecosystem functions from biodiversity and mutualistic networks: an extension of trait-based concepts to plant--animal interactions},
	Volume = 38,
	Year = 2015}

@article{frund2013bee,
	Author = {Fr{\"u}nd, Jochen and Dormann, Carsten F and Holzschuh, Andrea and Tscharntke, Teja},
	Journal = {Ecology},
	Number = 9,
	Pages = {2042--2054},
	Publisher = {Wiley Online Library},
	Title = {Bee diversity effects on pollination depend on functional complementarity and niche shifts},
	Volume = 94,
	Year = 2013}


@article{svanback2007intraspecific,
	Author = {Svanb{\"a}ck, Richard and Bolnick, Daniel I},
	Journal = {Proc. R. Soc. Lond., B, Biol. Sci.},
	Number = 1611,
	Pages = {839--844},
	Publisher = {The Royal Society},
	Title = {Intraspecific competition drives increased resource use diversity within a natural population},
	Volume = 274,
	Year = 2007}


@book{Thompson1994,
  Author =	 {Thompson, John N},
  Publisher =	 {University of Chicago Press},
  Title =	 {The coevolutionary process},
  Year =	 1994
}

@book{Thompson2005,
  Author =	 {Thompson, J},
  Publisher =	 {University of Chicago Press, Chicago},
  Title =	 {The geographic mosaic of coevolution},
  Year =	 2005
}

@article{Thompson2006,
  Author =	 {Thompson, J. N.},
  Journal =	 {Science},
  Pages =	 {372--373},
  Title =	 {Mutualistic webs of species},
  Volume =	 312,
  Year =	 2006
}

@article{Traveset2015,
  Author =	 {Traveset, Anna and Tur, Cristina and
                  Tr{\o}jelsgaard, Kristian and Heleno, Ruben and
                  Castro-Urgal, Roc{\'\i}o and Olesen, Jens M},
  Journal =	 {Glob. Ecol. Biogeogr.},
  Publisher =	 {Wiley Online Library},
  Title =	 {Global patterns of mainland and insular pollination
                  networks},
  Year =	 2015
}

@article{Trojelsgaard2015,
  Author =	 {Tr{\o}jelsgaard, Kristian and Jordano, Pedro and
                  Carstensen, Daniel W and Olesen, Jens M},
  Journal =	 {Proc. R. Soc. Lond., B, Biol. Sci.},
  Number =	 1802,
  Pages =	 20142925,
  Publisher =	 {The Royal Society},
  Title =	 {Geographical variation in mutualistic networks:
                  similarity, turnover and partner fidelity},
  Volume =	 282,
  Year =	 2015
}

@article{Trojelsgaard:2012ir,
  Author =	 {Tr{\o}jelsgaard, Kristian and Olesen, Jens M},
  Journal =	 {Glob. Ecol. Biogeogr.},
  Month =	 aug,
  Number =	 2,
  Pages =	 {149--162},
  Title =	 {{Macroecology of pollination networks}},
  Volume =	 22,
  Year =	 2012
}

@article{TrojelsgaardandOlesend2013,
  Author =	 {Tr{\o}jelsgaard, Kristian and Olesen, Jens M},
  Journal =	 {Glob. Ecol. Biogeogr.},
  Number =	 2,
  Pages =	 {149--162},
  Publisher =	 {Wiley Online Library},
  Title =	 {Macroecology of pollination networks},
  Volume =	 22,
  Year =	 2013
}



  @Article{lme4,
    title = {Fitting Linear Mixed-Effects Models Using {lme4}},
    author = {Douglas Bates and Martin M{\"a}chler and Ben Bolker and Steve Walker},
    journal = {J. Stat. Softw.},
    year = {2015},
    volume = {67},
    number = {1},
    pages = {1--48},
    doi = {10.18637/jss.v067.i01},
  }

@article{zuur2010protocol,
  title={A protocol for data exploration to avoid common statistical problems},
  author={Zuur, Alain F and Ieno, Elena N and Elphick, Chris S},
  journal={Methods Ecol. Evol.},
  volume={1},
  number={1},
  pages={3--14},
  year={2010},
  publisher={Wiley Online Library}
}

  @Article{lmetest,
    title = {{lmerTest} Package: Tests in Linear Mixed Effects Models},
    author = {Alexandra Kuznetsova and Per B. Brockhoff and Rune H. B. Christensen},
    journal = {J. Stat.Softw.},
    year = {2017},
    volume = {82},
    number = {13},
    pages = {1--26},
    doi = {10.18637/jss.v082.i13},
  }

@article{Ulrich2009,
  Author =	 {Ulrich, Werner and Almeida-Neto, M{\'a}rio and
                  Gotelli, Nicholas J},
  Journal =	 {Oikos},
  Number =	 1,
  Pages =	 {3--17},
  Publisher =	 {Wiley Online Library},
  Title =	 {A consumer's guide to nestedness analysis},
  Volume =	 118,
  Year =	 2009
}

@article{Urban2008,
  Author =	 {Urban, Mark C and Leibold, Mathew A and Amarasekare,
                  Priyanga and De Meester, Luc and Gomulkiewicz,
                  Richard and Hochberg, Michael E and Klausmeier,
                  Christopher A and Loeuille, Nicolas and De
                  Mazancourt, Claire and Norberg, Jon and others},
  Journal =	 {Trends Ecol. Evol.},
  Number =	 6,
  Pages =	 {311--317},
  Publisher =	 {Elsevier},
  Title =	 {The evolutionary ecology of metacommunities},
  Volume =	 23,
  Year =	 2008
}

@article{UrbanandSkelly2006,
  Author =	 {Urban, Mark C and Skelly, David K},
  Journal =	 {Ecology},
  Number =	 7,
  Pages =	 {1616--1626},
  Publisher =	 {Wiley Online Library},
  Title =	 {Evolving metacommunities: toward an evolutionary
                  perspective on metacommunities},
  Volume =	 87,
  Year =	 2006
}

@article{Valdovinos2010,
  Author =	 {Valdovinos, Fernanda S and Ramos-Jiliberto, Rodrigo
                  and Garay-Narv{\'a}ez, Leslie and Urbani, Pasquinell
                  and Dunne, Jennifer A},
  Journal =	 {Ecol. Lett.},
  Number =	 12,
  Pages =	 {1546--1559},
  Publisher =	 {Wiley Online Library},
  Title =	 {Consequences of adaptive behaviour for the structure
                  and dynamics of food webs},
  Volume =	 13,
  Year =	 2010
}

@article{Valdovinos2013,
  Author =	 {Valdovinos, Fernanda S and Moisset de Espan{\'e}s,
                  Pablo and Flores, Jos{\'e} D and Ramos-Jiliberto,
                  Rodrigo},
  Journal =	 {Oikos},
  Number =	 6,
  Pages =	 {907--917},
  Publisher =	 {Wiley Online Library},
  Title =	 {Adaptive foraging allows the maintenance of
                  biodiversity of pollination networks},
  Volume =	 122,
  Year =	 2013
}

@inproceedings{pons2005computing,
  title={Computing communities in large networks using random walks},
  author={Pons, Pascal and Latapy, Matthieu},
  booktitle={International symposium on computer and information sciences},
  pages={284--293},
  year={2005},
  organization={Springer, NY}
}

@Manual{vegan,
    title = {vegan: Community Ecology Package},
    author = {Jari Oksanen and F. Guillaume Blanchet and Michael Friendly and Roeland Kindt and Pierre Legendre and Dan McGlinn and Peter R. Minchin and R. B. O'Hara and Gavin L. Simpson and Peter Solymos and M. Henry H. Stevens and Eduard Szoecs and Helene Wagner},
    year = {2019},
    note = {R package version 2.5-5},
    url = {https://CRAN.R-project.org/package=vegan},
  }
  
  @article{potts2016assessment,
  title={The assessment report of the Intergovernmental Science-Policy Platform on Biodiversity and Ecosystem Services on pollinators, pollination and food production},
  author={Potts, Simon G and Ngo, Hien T and Biesmeijer, Jacobus C and Breeze, Thomas D and Dicks, Lynn V and Garibaldi, Lucas A and Hill, Rosemary and Settele, Josef and Vanbergen, Adam},
  year={2016},
  publisher={Intergovernmental Science-Policy Platform on Biodiversity}
}

@article{brown2017fly,
  title={Fly and wasp diversity responds to elements of both the visible and invisible fire mosaic},
  author={Brown, Julian and York, Alan},
  journal={Int. J. Wildland Fire},
  volume={26},
  number={5},
  pages={434--443},
  year={2017},
  publisher={CSIRO}
}

@article{Valdovinos2016,
  Author =	 {Valdovinos, Fernanda S and Brosi, Berry J and
                  Briggs, Heather M and Moisset de Espan{\'e}s, Pablo
                  and Ramos-Jiliberto, Rodrigo and Martinez, Neo D},
  Journal =	 {Ecol. Lett.},
  Number =	 10,
  Pages =	 {1277--1286},
  Publisher =	 {Wiley Online Library},
  Title =	 {Niche partitioning due to adaptive foraging reverses
                  effects of nestedness and connectance on pollination
                  network stability},
  Volume =	 19,
  Year =	 2016
}

@article{Vanoverbeke2015,
  title={Community assembly is a race between immigration and adaptation: eco-evolutionary interactions across spatial scales},
  author={Vanoverbeke, Joost and Urban, Mark C and De Meester, Luc},
  journal={Ecography},
  volume={39},
  number={9},
  pages={858--870},
  year={2016},
  publisher={Wiley Online Library}
}

@article{Vazquez2004,
  Author =	 {V{\'a}zquez, D. and Aizen, M.},
  Journal =	 {Ecology},
  Pages =	 1251,
  Title =	 {Asymmetric specialization: a pervasive feature of
                  plant-pollinator interactions},
  Volume =	 85,
  Year =	 2004
}

@article{Vazquez2005,
  Author =	 {V{\'a}zquez, D.P. and Poulin, R. and Krasnov,
                  B.R. and Shenbrot, G.I.},
  Journal =	 {J. Anim. Ecol.},
  Number =	 5,
  Pages =	 {946--955},
  Title =	 {Species abundance and the distribution of
                  specialization in host-parasite interaction
                  networks},
  Volume =	 74,
  Year =	 2005
}

@article{Vazquez2005b,
  Author =	 {V\'azquez, Diego P.},
  Issn =	 {1600-0706},
  Journal =	 {Oikos},
  Number =	 2,
  Pages =	 {421--426},
  Publisher =	 {Munksgaard International Publishers},
  Title =	 {Degree distribution in plant-animal mutualistic
                  networks: forbidden links or random interactions?},
  Volume =	 108,
  Year =	 2005
}

@article{Vazquez2009,
  Author =	 {V\'azquez, D. P. and Bl{\"u}thgen, N. and Cagnolo,
                  L. and Chacoff, N. P.},
  Journal =	 {Annals of Botany},
  Number =	 9,
  Pages =	 {1445-1457},
  Title =	 {Uniting pattern and process in plant-animal
                  mutualistic networks: a review},
  Volume =	 103,
  Year =	 2009
}

@article{Vazquez2009b,
  Author =	 {V{\'a}zquez, Diego P and Chacoff, Natacha P and
                  Cagnolo, Luciano},
  Journal =	 {Ecology},
  Number =	 8,
  Pages =	 {2039--2046},
  Publisher =	 {Wiley Online Library},
  Title =	 {Evaluating multiple determinants of the structure of
                  plant--animal mutualistic networks},
  Volume =	 90,
  Year =	 2009
}

@article{Vazquez2009evaluating,
  Author =	 {V{\'a}zquez, Diego P and Chacoff, Natacha P and
                  Cagnolo, Luciano},
  Journal =	 {Ecology},
  Number =	 8,
  Pages =	 {2039--2046},
  Publisher =	 {Eco Soc America},
  Title =	 {Evaluating multiple determinants of the structure of
                  plant-animal mutualistic networks},
  Volume =	 90,
  Year =	 2009
}

@article{VazquezandAizen2004,
  Author =	 {V{\'a}zquez, D. and Aizen, M.},
  Journal =	 {Ecology},
  Pages =	 1251,
  Title =	 {Asymmetric specialization: a pervasive feature of
                  plant-pollinator interactions},
  Volume =	 85,
  Year =	 2004
}

@article{Webb2002,
  Author =	 {Webb, Campbell O and Ackerly, David D and McPeek,
                  Mark A and Donoghue, Michael J},
  Journal =	 {Annu. Rev. Ecol. Evol. Syst.},
  Number =	 1,
  Pages =	 {475--505},
  Publisher =	 {Annual Reviews 4139 El Camino Way, PO Box 10139,
                  Palo Alto, CA 94303-0139, U.S.A.},
  Title =	 {Phylogenies and community ecology},
  Volume =	 33,
  Year =	 2002
}

@article{Wilson1961,
  Author =	 {Wilson, Edward O},
  Journal =	 {Am. Nat.},
  Number =	 882,
  Pages =	 {169--193},
  Publisher =	 {Science Press},
  Title =	 {The nature of the taxon cycle in the Melanesian ant
                  fauna},
  Volume =	 95,
  Year =	 1961
}

@article{aizen2012specialization,
  Author =	 {Aizen, Marcelo A and Sabatino, Malena and
                  Tylianakis, Jason M},
  Journal =	 {Science},
  Number =	 6075,
  Pages =	 {1486--1489},
  Publisher =	 {American Association for the Advancement of Science},
  Title =	 {Specialization and rarity predict nonrandom loss of
                  interactions from mutualist networks},
  Volume =	 335,
  Year =	 2012
}

@article{alarcon2008year,
  Author =	 {Alarc{\'o}n, Ruben and Waser, Nickolas M and
                  Ollerton, Jeff},
  Journal =	 {Oikos},
  Number =	 12,
  Pages =	 {1796--1807},
  Publisher =	 {Wiley Online Library},
  Title =	 {Year-to-year variation in the topology of a
                  plant--pollinator interaction network},
  Volume =	 117,
  Year =	 2008
}

@article{albrecht2010plant,
  Author =	 {Albrecht, Matthias and Riesen, Matthias and Schmid,
                  Bernhard},
  Journal =	 {Oikos},
  Number =	 10,
  Pages =	 {1610--1624},
  Publisher =	 {Wiley Online Library},
  Title =	 {Plant--pollinator network assembly along the
                  chronosequence of a glacier foreland},
  Volume =	 119,
  Year =	 2010
}

@article{allesina2008general,
  Author =	 {Allesina, Stefano and Alonso, David and Pascual,
                  Mercedes},
  Journal =	 {science},
  Number =	 5876,
  Pages =	 {658--661},
  Publisher =	 {American Association for the Advancement of Science},
  Title =	 {A general model for food web structure},
  Volume =	 320,
  Year =	 2008
}

@article{allhoff2015interplay,
  Author =	 {Allhoff, Korinna T and Weiel, Eva Marie and Rogge,
                  Tobias and Drossel, Barbara},
  Journal =	 {Journal of theoretical biology},
  Pages =	 {46--56},
  Publisher =	 {Elsevier},
  Title =	 {On the interplay of speciation and dispersal: An
                  evolutionary food web model in space},
  Volume =	 366,
  Year =	 2015
}

@article{allhoff2016biodiversity,
  Author =	 {Allhoff, KT and Drossel, B},
  Journal =	 {Phil. Trans. R. Soc. B},
  Number =	 1694,
  Pages =	 20150281,
  Publisher =	 {The Royal Society},
  Title =	 {Biodiversity and ecosystem functioning in evolving
                  food webs},
  Volume =	 371,
  Year =	 2016
}

@article{almeida-neto-2008-1227,
  Author =	 {Almeida-neto, M and Gumar\~{a}es, P and
                  Gumar{\~a}es, PR and Loyola, RD and Ulrich, W},
  Journal =	 {Oikos},
  Pages =	 {1227--1239},
  Title =	 {A consistent metric for nestedness analysis in
                  ecological systems: reconciling concept and
                  measurement.},
  Volume =	 117,
  Year =	 2008
}

@article{anderson2008resources,
  Author =	 {Anderson, Wendy B and Wait, D Alexander and Stapp,
                  Paul},
  Journal =	 {Ecology},
  Number =	 3,
  Pages =	 {660--670},
  Publisher =	 {Wiley Online Library},
  Title =	 {Resources from another place and time: responses to
                  pulses in a spatially subsidized system},
  Volume =	 89,
  Year =	 2008
}

@article{barnosky2001temperate,
  Author =	 {Barnosky, Anthony D and Hadly, Elizabeth A and
                  Maurer, Brian A and Christie, Michael I},
  Journal =	 {Conservation Biology},
  Number =	 3,
  Pages =	 {658--674},
  Publisher =	 {Wiley Online Library},
  Title =	 {Temperate terrestrial vertebrate faunas in North and
                  South America: interplay of ecology, evolution, and
                  geography with biodiversity},
  Volume =	 15,
  Year =	 2001
}

@article{beisner2006environmental,
  Author =	 {Beisner, Beatrix E and Hovius, Jonathan and Hayward,
                  April and Kolasa, Jurek and Romanuk, Tamara N},
  Journal =	 {Biological Invasions},
  Number =	 4,
  Pages =	 {655--664},
  Publisher =	 {Springer, NY},
  Title =	 {Environmental productivity and biodiversity effects
                  on invertebrate community invasibility},
  Volume =	 8,
  Year =	 2006
}

@article{brannstrom2012modelling,
  Author =	 {Br{\"a}nnstr{\"o}m, {\AA}ke and Johansson, Jacob and
                  Loeuille, Nicolas and Kristensen, Nadiah and Troost,
                  Tineke A and Lambers, Reinier Hille Ris and
                  Dieckmann, Ulf},
  Journal =	 {Evol. Ecol. Res.},
  Number =	 5,
  Pages =	 {601--625},
  Publisher =	 {Evolutionary Ecology, Ltd.},
  Title =	 {Modelling the ecology and evolution of communities:
                  a review of past achievements, current efforts, and
                  future promises},
  Volume =	 14,
  Year =	 2012
}

@article{brose2006allometric,
  Author =	 {Brose, Ulrich and Williams, Richard J and Martinez,
                  Neo D},
  Journal =	 {Ecol. Lett.},
  Number =	 11,
  Pages =	 {1228--1236},
  Publisher =	 {Wiley Online Library},
  Title =	 {Allometric scaling enhances stability in complex
                  food webs},
  Volume =	 9,
  Year =	 2006
}

@article{brown1977turnover,
  Author =	 {Brown, James H and Kodric-Brown, Astrid},
  Journal =	 {Ecology},
  Number =	 2,
  Pages =	 {445--449},
  Publisher =	 {Eco Soc America},
  Title =	 {Turnover rates in insular biogeography: effect of
                  immigration on extinction},
  Volume =	 58,
  Year =	 1977
}

@article{burkle2009importance,
  Author =	 {Burkle, Laura and Irwin, Rebecca},
  Journal =	 {Oikos},
  Number =	 12,
  Pages =	 {1816--1829},
  Publisher =	 {Wiley Online Library},
  Title =	 {The importance of interannual variation and
                  bottom--up nitrogen enrichment for plant--pollinator
                  networks},
  Volume =	 118,
  Year =	 2009
}

@article{campbell2015plant,
  Author =	 {Campbell, Colin and Yang, Suann and Albert, R{\'e}ka
                  and Shea, Katriona},
  Journal =	 {Oikos},
  Number =	 4,
  Pages =	 {406--413},
  Publisher =	 {Wiley Online Library},
  Title =	 {Plant--pollinator community network response to
                  species invasion depends on both invader and
                  community characteristics},
  Volume =	 124,
  Year =	 2015
}

@article{carnicer2009temporal,
  Author =	 {Carnicer, Jofre and Jordano, Pedro and Meli{\'a}n,
                  Carlos J},
  Journal =	 {Ecology},
  Number =	 7,
  Pages =	 {1958--1970},
  Publisher =	 {Eco Soc America},
  Title =	 {The temporal dynamics of resource use by frugivorous
                  birds: a network approach},
  Volume =	 90,
  Year =	 2009
}

@article{carstensen2014beta,
  Author =	 {Carstensen, Daniel W and Sabatino, Malena and
                  Tr{\o}jelsgaard, Kristian and Morellato, Leonor
                  Patricia C},
  Journal =	 {PloS one},
  Number =	 11,
  Pages =	 {e112903},
  Publisher =	 {Public Library of Science},
  Title =	 {Beta Diversity of Plant-Pollinator Networks and the
                  Spatial Turnover of Pairwise Interactions},
  Volume =	 9,
  Year =	 2014
}

@article{cattin2004phylogenetic,
  Author =	 {Cattin, Marie-France and Bersier, Louis-F{\'e}lix
                  and Bana{\v{s}}ek-Richter, Carolin and
                  Baltensperger, Richard and Gabriel, Jean-Pierre},
  Journal =	 {Nature},
  Number =	 6977,
  Pages =	 {835--839},
  Publisher =	 {Nature Publishing Group},
  Title =	 {Phylogenetic constraints and adaptation explain
                  food-web structure},
  Volume =	 427,
  Year =	 2004
}

@article{chesson2004resource,
  Author =	 {Chesson, Peter and Gebauer, Renate LE and
                  Schwinning, SU.S.A.n and Huntly, Nancy and Wiegand,
                  Kerstin and Ernest, Morgan SK and Sher, Anna and
                  Novoplansky, Ariel and Weltzin, Jake F},
  Journal =	 {Oecologia},
  Number =	 2,
  Pages =	 {236--253},
  Publisher =	 {Springer, NY},
  Title =	 {Resource pulses, species interactions, and diversity
                  maintenance in arid and semi-arid environments},
  Volume =	 141,
  Year =	 2004
}

@article{cohen1968interval,
  Author =	 {Cohen, Joel E},
  Journal =	 {RAND Corporation Document},
  Title =	 {Interval graphs and food webs: a finding and a
                  problem},
  Volume =	 17696,
  Year =	 1968
}

@article{csardi-2006,
  Author =	 {Csardi, G and Nepusz, T},
  Journal =	 {InterJournal, Complex Sys.},
  Title =	 {The igraph software package for complex network
                  research},
  Volume =	 1695,
  Year =	 2006
}

@article{dattilo2013spatial,
  Author =	 {D{\'a}ttilo, Wesley and Guimar{\~a}es Jr., Paulo R and
                  Izzo, Thiago J},
  Journal =	 {Oikos},
  Number =	 11,
  Pages =	 {1643--1648},
  Publisher =	 {Wiley Online Library},
  Title =	 {Spatial structure of ant--plant mutualistic
                  networks},
  Volume =	 122,
  Year =	 2013
}

@article{devoto2012understanding,
  Author =	 {Devoto, Mariano and Bailey, Sallie and Craze, Paul
                  and Memmott, Jane},
  Journal =	 {Ecol. Lett.},
  Number =	 4,
  Pages =	 {319--328},
  Publisher =	 {Wiley Online Library},
  Title =	 {Understanding and planning ecological restoration of
                  plant--pollinator networks},
  Volume =	 15,
  Year =	 2012
}

@article{diaz2010changes,
  Author =	 {D{\'\i}az-Castelazo, Cecilia and Guimar{\~a}es Jr., Paulo
                  R and Jordano, Pedro and Thompson, John N and
                  Marquis, Robert J and Rico-Gray, V{\'\i}ctor},
  Journal =	 {Ecology},
  Number =	 3,
  Pages =	 {793--801},
  Publisher =	 {Eco Soc America},
  Title =	 {Changes of a mutualistic network over time:
                  reanalysis over a 10-year period},
  Volume =	 91,
  Year =	 2010
}

@article{eklof2013dimensionality,
  Author =	 {Ekl{\"o}f, Anna and Jacob, Ute and Kopp, Jason and
                  Bosch, Jordi and Castro-Urgal, Roc{\'\i}o and
                  Chacoff, Natacha P and Dalsgaard, Bo and Sassi,
                  Claudio and Galetti, Mauro and Guimar{\~a}es, Paulo
                  R and others},
  Journal =	 {Ecol. Lett.},
  Number =	 5,
  Pages =	 {577--583},
  Publisher =	 {Wiley Online Library},
  Title =	 {The dimensionality of ecological networks},
  Volume =	 16,
  Year =	 2013
}

@article{fang2012relative,
  Author =	 {Fang, Qiang and Huang, Shuang-Quan},
  Journal =	 {PloS one},
  Number =	 3,
  Pages =	 {e32663},
  Publisher =	 {Public Library of Science},
  Title =	 {Relative stability of core groups in pollination
                  networks in a biodiversity hotspot over four years},
  Volume =	 7,
  Year =	 2012
}



@article {fontaine2009insect,
	author = {Fontaine, Colin and Th{\'e}bault, Elisa and Dajoz, Isabelle},
	title = {Are insect pollinators more generalist than insect herbivores?},
	volume = {276},
	number = {1669},
	pages = {3027--3033},
	year = {2009},
	  Journal =	 {Proc. R. Soc. Lond., B, Biol. Sci.}
}


@article{fort2016abundance,
  Author =	 {Fort, Hugo and V{\'a}zquez, Diego P and Lan, Boon
                  Leong},
  Journal =	 {Ecol. Lett.},
  Number =	 1,
  Pages =	 {4--11},
  Publisher =	 {Wiley Online Library},
  Title =	 {Abundance and generalisation in mutualistic
                  networks: solving the chicken-and-egg dilemma},
  Volume =	 19,
  Year =	 2016
}

@article{gillespie2004community,
  Author =	 {Gillespie, Rosemary},
  Journal =	 {Science},
  Number =	 5656,
  Pages =	 {356--359},
  Publisher =	 {American Association for the Advancement of Science},
  Title =	 {Community assembly through adaptive radiation in
                  Hawaiian spiders},
  Volume =	 303,
  Year =	 2004
}

@article{gomez2006ecological,
  Author =	 {G{\'o}mez, Jos{\'e} M and Zamora, Regino},
  Journal =	 {Plant-pollinator interactions, NM Waser, J. Ollerton
                  (eds.). The University of Chicago Press, Chicago},
  Pages =	 {145--166},
  Title =	 {Ecological factors that promote the evolution of
                  generalization in pollination systems},
  Year =	 2006
}

@article{gurevitch2011emergent,
  Author =	 {Gurevitch, J and Fox, GA and Wardle, GM and Taub, D
                  and others},
  Journal =	 {Ecol. Lett.},
  Number =	 4,
  Pages =	 {407--418},
  Publisher =	 {Wiley Online Library},
  Title =	 {Emergent insights from the synthesis of conceptual
                  frameworks for biological invasions},
  Volume =	 14,
  Year =	 2011
}

@book{hawkins2005pattern,
  Author =	 {Hawkins, Bradford A},
  Publisher =	 {Cambridge University Press},
  Title =	 {Pattern and process in host-parasitoid interactions},
  Year =	 2005
}

@article{herrera1988variation,
  Author =	 {Herrera, Carlos M},
  Journal =	 {Biol. J. Linnean Soc.},
  Number =	 2,
  Pages =	 {95--125},
  Publisher =	 {Wiley Online Library},
  Title =	 {Variation in mutualisms: the spatiotemporal mosaic
                  of a pollinator assemblage},
  Volume =	 35,
  Year =	 1988
}

@incollection{herrera1996floral,
  Author =	 {Herrera, Carlos M},
  Booktitle =	 {Floral biology},
  Pages =	 {65--87},
  Publisher =	 {Springer, NY: New York, NY},
  Title =	 {Floral traits and plant adaptation to insect
                  pollinators: a devil's advocate approach},
  Year =	 1996
}

@article{holt1977predation,
  Author =	 {Holt, Robert D},
  Journal =	 {Theor. Popul. Biol.},
  Number =	 2,
  Pages =	 {197--229},
  Publisher =	 {Elsevier},
  Title =	 {Predation, apparent competition, and the structure
                  of prey communities},
  Volume =	 12,
  Year =	 1977
}

@article{j2014food,
  Author =	 {J'oele, Cohen},
  Journal =	 {Perspectives in Ecological Theory},
  Pages =	 181,
  Publisher =	 {Princeton University Press: Princeton, NJ: Princeton, NJ},
  Title =	 {Food Webs and Community Structure},
  Year =	 2014
}

@article{lockwood2005role,
  Author =	 {Lockwood, Julie L and Cassey, Phillip and Blackburn,
                  Tim},
  Journal =	 {Trends Ecol. Evol.},
  Number =	 5,
  Pages =	 {223--228},
  Publisher =	 {Elsevier},
  Title =	 {The role of propagule pressure in explaining species
                  invasions},
  Volume =	 20,
  Year =	 2005
}

@book{lomolino2010biogeography,
  Author =	 {Lomolino, Mark V and Riddle, Brett R and Brown,
                  James H and Brown, James H},
  Publisher =	 {Sinauer Associates Sunderland, MA},
  Title =	 {Biogeography},
  Year =	 2010
}

@book{macarthur2015theory,
  Author =	 {MacArthur, Robert H and Wilson, Edward O},
  Publisher =	 {Princeton University Press: Princeton, NJ},
  Title =	 {Theory of Island Biogeography.(MPB-1)},
  Volume =	 1,
  Year =	 1967
}

@article{montoya2006ecological,
  Author =	 {Montoya, Jos{\'e} M and Pimm, Stuart L and Sol{\'e},
                  Ricard V},
  Journal =	 {Nature},
  Number =	 7100,
  Pages =	 {259--264},
  Publisher =	 {Nature Publishing Group},
  Title =	 {Ecological networks and their fragility},
  Volume =	 442,
  Year =	 2006
}

@article{morlon2014effects,
  Author =	 {Morlon, H{\'e}l{\`e}ne and Kefi, Sonia and Martinez,
                  Neo D},
  Journal =	 {Ecol. Lett.},
  Number =	 12,
  Pages =	 {1495--1506},
  Publisher =	 {Wiley Online Library},
  Title =	 {Effects of trophic similarity on community
                  composition},
  Volume =	 17,
  Year =	 2014
}

@article{mwangi2007niche,
  Author =	 {Mwangi, Peter N and Schmitz, Martin and Scherber,
                  Christoph and Roscher, Christiane and Schumacher,
                  Jens and SCHERER-LORENZEN, MICHAEL and Weisser,
                  Wolfgang W and Schmid, Bernhard},
  Journal =	 {J. Ecol. },
  Number =	 1,
  Pages =	 {65--78},
  Publisher =	 {Wiley Online Library},
  Title =	 {Niche pre-emption increases with species richness in
                  experimental plant communities},
  Volume =	 95,
  Year =	 2007
}

@article{owen2008shifting,
  Author =	 {Owen-Smith, Norman and Mills, Michael GL},
  Journal =	 {Ecology},
  Number =	 4,
  Pages =	 {1120--1133},
  Publisher =	 {Eco Soc America},
  Title =	 {Shifting prey selection generates contrasting
                  herbivore dynamics within a large-mammal
                  predator-prey web},
  Volume =	 89,
  Year =	 2008
}

@article{rao1982diversity,
  title={Diversity and dissimilarity coefficients: a unified approach},
  author={Rao, C Radhakrishna},
  journal={Theor. Popul. Biol.},
  volume={21},
  number={1},
  pages={24--43},
  year={1982},
  publisher={Elsevier}
}

@article{ricotta2016measuring,
  title={Measuring the functional redundancy of biological communities: a quantitative guide},
  author={Ricotta, Carlo and de Bello, Francesco and Moretti, Marco and Caccianiga, Marco and Cerabolini, Bruno EL and Pavoine, Sandrine},
  journal={Methods Ecol. Evol.},
  volume={7},
  number={11},
  pages={1386--1395},
  year={2016},
  publisher={Wiley Online Library}
}

@article{bello2007importance,
  title={Importance of species abundance for assessment of trait composition: an example based on pollinator communities},
  author={Bello, F de and Lep{\v{s}}, J and Lavorel, S and Moretti, M},
  journal={Community Ecol.},
  volume={8},
  number={2},
  pages={163--170},
  year={2007},
  publisher={Akad{\'e}miai Kiad{\'o}}
}

@article{parrish1979difference,
  Author =	 {Parrish, JAD and Bazzaz, FA},
  Journal =	 {Ecology},
  Pages =	 {597--610},
  Publisher =	 {JSTOR},
  volume = 60,
  Title =	 {Difference in pollination niche relationships in
                  early and late successional plant communities},
  Year =	 1979
}

@article{pilosof2013temporal,
  Author =	 {Pilosof, Shai and Fortuna, Miguel A and Vinarski,
                  Maxim V and Korallo-Vinarskaya, Natalia P and
                  Krasnov, Boris R},
  Journal =	 {Journal of Animal Ecology},
  Number =	 5,
  Pages =	 {987--996},
  Publisher =	 {Wiley Online Library},
  Title =	 {Temporal dynamics of direct reciprocal and indirect
                  effects in a host--parasite network},
  Volume =	 82,
  Year =	 2013
}

@article{poisot2012dissimilarity,
  Author =	 {Poisot, Timoth{\'e}e and Canard, Elsa and Mouillot,
                  David and Mouquet, Nicolas and Gravel, Dominique},
  Journal =	 {Ecol. Lett.},
  Number =	 12,
  Pages =	 {1353--1361},
  Publisher =	 {Wiley Online Library},
  Title =	 {The dissimilarity of species interaction networks},
  Volume =	 15,
  Year =	 2012
}

@article{pyke1984optimal,
  Author =	 {Pyke, Graham H},
  Journal =	 {Annu. Rev. Ecol. Evol. Syst.},
  Pages =	 {523--575},
  Publisher =	 {JSTOR},
  Title =	 {Optimal foraging theory: a critical review},
  Year =	 1984
}

@article{romanuk2009predicting,
  Author =	 {Romanuk, Tamara N and Zhou, Yun and Brose, Ulrich
                  and Berlow, Eric L and Williams, Richard J and
                  Martinez, Neo D},
  Journal =	 {Phil. Trans. R. Soc. B},
  Number =	 1524,
  Pages =	 {1743--1754},
  Publisher =	 {The Royal Society},
  Title =	 {Predicting invasion success in complex ecological
                  networks},
  Volume =	 364,
  Year =	 2009
}


@article{saavedra2015seasonal,
  Author =	 {Saavedra, Serguei and Rohr, Rudolf Philippe and
                  Fortuna, Miguel and Selva, Nuria and Bascompte,
                  Jordi},
  Journal =	 {Ecology},
  Publisher =	 {Eco Soc America},
  Title =	 {Seasonal species interactions minimize the impact of
                  species turnover on the likelihood of community
                  persistence},
  Year =	 2015
}

@article{shea2002community,
  Author =	 {Shea, Katriona and Chesson, Peter},
  Journal =	 {Trends Ecol. Evol.},
  Number =	 4,
  Pages =	 {170--176},
  Publisher =	 {Elsevier},
  Title =	 {Community ecology theory as a framework for
                  biological invasions},
  Volume =	 17,
  Year =	 2002
}

@article{stebbins1970adaptive,
  Author =	 {Stebbins, G Ledyard},
  Journal =	 {Annu. Rev. Ecol. Evol. Syst.},
  Pages =	 {307--326},
  Publisher =	 {JSTOR},
  Title =	 {Adaptive radiation of reproductive characteristics
                  in angiosperms, I: pollination mechanisms},
  Year =	 1970
}

@article{stouffer2006robust,
  Author =	 {Stouffer, Daniel B and Camacho, Juan and Amaral,
                  Lu{\'\i}s A Nunes},
  Journal =	 {Proc. Natl. Acad. Sci. U.S.A.},
  Number =	 50,
  Pages =	 {19015--19020},
  Publisher =	 {National Acad Sciences},
  Title =	 {A robust measure of food web intervality},
  Volume =	 103,
  Year =	 2006
}

@article{strauss1999ecological,
  title={Ecological costs of plant resistance to herbivores in the currency of pollination},
  author={Strauss, Sharon Y and Siemens, David H and Decher, Meika B and Mitchell-Olds, Thomas},
  journal={Evolution},
  volume={53},
  number={4},
  pages={1105--1113},
  year={1999},
  publisher={Wiley Online Library}
}

@book{thompson1994coevolutionary,
  Author =	 {Thompson, John N},
  Publisher =	 {University of Chicago Press},
  Title =	 {The coevolutionary process},
  Year =	 1994
}

@article{traveset2015global,
  Author =	 {Traveset, Anna and Tur, Cristina and
                  Tr{\o}jelsgaard, Kristian and Heleno, Ruben and
                  Castro-Urgal, Roc{\'\i}o and Olesen, Jens M},
  Journal =	 {Glob. Ecol. Biogeogr.},
  Publisher =	 {Wiley Online Library},
  Title =	 {Global patterns of mainland and insular pollination
                  networks},
  Year =	 2015
}

@article{trojelsgaard2015geographical,
  Author =	 {Tr{\o}jelsgaard, Kristian and Jordano, Pedro and
                  Carstensen, Daniel W and Olesen, Jens M},
  Journal =	 {Proc. R. Soc. Lond., B, Biol. Sci.},
  Number =	 1802,
  Pages =	 20142925,
  Publisher =	 {The Royal Society},
  Title =	 {Geographical variation in mutualistic networks:
                  similarity, turnover and partner fidelity},
  Volume =	 282,
  Year =	 2015
}

@article{valdovinos2010consequences,
  Author =	 {Valdovinos, Fernanda S and Ramos-Jiliberto, Rodrigo
                  and Garay-Narv{\'a}ez, Leslie and Urbani, Pasquinell
                  and Dunne, Jennifer A},
  Journal =	 {Ecol. Lett.},
  Number =	 12,
  Pages =	 {1546--1559},
  Publisher =	 {Wiley Online Library},
  Title =	 {Consequences of adaptive behaviour for the structure
                  and dynamics of food webs},
  Volume =	 13,
  Year =	 2010
}

@article{valdovinos2013adaptive,
  Author =	 {Valdovinos, Fernanda S and Moisset de Espan{\'e}s,
                  Pablo and Flores, Jos{\'e} D and Ramos-Jiliberto,
                  Rodrigo},
  Journal =	 {Oikos},
  Number =	 6,
  Pages =	 {907--917},
  Publisher =	 {Wiley Online Library},
  Title =	 {Adaptive foraging allows the maintenance of
                  biodiversity of pollination networks},
  Volume =	 122,
  Year =	 2013
}

@article{valdovinos2016niche,
  Author =	 {Valdovinos, Fernanda S and Brosi, Berry J and
                  Briggs, Heather M and Moisset de Espan{\'e}s, Pablo
                  and Ramos-Jiliberto, Rodrigo and Martinez, Neo D},
  Journal =	 {Ecol. Lett.},
  Number =	 10,
  Pages =	 {1277--1286},
  Publisher =	 {Wiley Online Library},
  Title =	 {Niche partitioning due to adaptive foraging reverses
                  effects of nestedness and connectance on pollination
                  network stability},
  Volume =	 19,
  Year =	 2016
}

@article{waser1996generalization,
  Author =	 {Waser, Nikolas M and Chittka, Lars and Price, Mary V
                  and Williams, Neal M and Ollerton, Jeff},
  Journal =	 {Ecology},
  Number =	 4,
  Pages =	 {1043--1060},
  Publisher =	 {Wiley Online Library},
  Title =	 {Generalization in pollination systems, and why it
                  matters},
  Volume =	 77,
  Year =	 1996
}

@article{williams2000simple,
  Author =	 {Williams, Richard J and Martinez, Neo D},
  Journal =	 {Nature},
  Number =	 6774,
  Pages =	 {180--183},
  Publisher =	 {Nature Publishing Group},
  Title =	 {Simple rules yield complex food webs},
  Volume =	 404,
  Year =	 2000
}

@article{yodzis1992body,
  Author =	 {Yodzis, Peter and Innes, Stuart},
  Journal =	 {Am. Nat.},
  Pages =	 {1151--1175},
  Publisher =	 {JSTOR},
  Title =	 {Body size and consumer-resource dynamics},
  Year =	 1992
}

@article{yodzis1999search,
  Author =	 {Yodzis, Peter and Winemiller, Kirk O},
  Journal =	 {Oikos},
  Pages =	 {327--340},
  Publisher =	 {JSTOR},
  Title =	 {In search of operational trophospecies in a tropical
                  aquatic food web},
  Year =	 1999
}

@book{cohen1978food,
  title={Food webs and niche space},
  author={Cohen, Joel E and Stephens, David W},
  number={11},
  year={1978},
  publisher={Princeton University Press: Princeton, NJ}
}

@article{brodie2017evolutionary,
  title={Evolutionary cascades induced by large frugivores},
  author={Brodie, Jedediah F},
  journal={Proc. Natl. Acad. Sci. U.S.A.},
  volume={114},
  number={45},
  pages={11998--12002},
  year={2017},
  publisher={National Acad Sciences}
}

@article{barbier2018generic,
  title={Generic assembly patterns in complex ecological communities},
  author={Barbier, Matthieu and Arnoldi, Jean-Fran{\c{c}}ois and Bunin, Guy and Loreau, Michel},
  journal={Proc. Natl. Acad. Sci. U.S.A.},
  pages={201710352},
  year={2018},
  publisher={National Acad Sciences}
}

@book{newman2010networks,
  title={Networks},
  author={Newman, Mark},
  year={2010},
  publisher={Oxford University Press: Oxford, UK}
}

@article{newman2004finding,
  title={Finding and evaluating community structure in networks},
  author={Newman, Mark EJ and Girvan, Michelle},
  journal={Phys. Rev. E},
  volume={69},
  number={2},
  pages={026113},
  year={2004},
  publisher={APS}
}

@book{bascompte2014mutualistic,
 author = {Jordi Bascompte and Pedro Jordano},
 publisher = {Princeton University Press: Princeton, NJ},
 title = {Mutualistic Networks},
 year = {2014}
}


@article{vazquez2007species,
  title={Species abundance and asymmetric interaction strength in ecological networks},
  author={V{\'a}zquez, Diego P and Meli{\'a}n, Carlos J and Williams, Neal M and Bl{\"u}thgen, Nico and Krasnov, Boris R and Poulin, Robert},
  journal={Oikos},
  volume={116},
  number={7},
  pages={1120--1127},
  year={2007},
  publisher={Wiley Online Library}
}


@article{vermeij1994evolutionary,
  title={The evolutionary interaction among species: selection, escalation, and coevolution},
  author={Vermeij, Geerat J},
  journal={Annu. Rev. Ecol. Evol. Syst.},
  volume={25},
  number={1},
  pages={219--236},
  year={1994},
  publisher={Annual Reviews 4139 El Camino Way, PO Box 10139, Palo Alto, CA 94303-0139, U.S.A.}
}

@article{tylianakis2018symmetric,
  title={Symmetric assembly and disassembly processes in an ecological network},
  author={Tylianakis, Jason M and Mart{\'\i}nez-Garc{\'\i}a, Laura B and Richardson, Sarah J and Peltzer, Duane A and Dickie, Ian A},
  journal={Ecol. Lett.},
  volume={21},
  number={6},
  pages={896--904},
  year={2018},
  publisher={Wiley Online Library}
}

@article{mendenhall2014predicting,
  title={Predicting biodiversity change and averting collapse in agricultural landscapes},
  author={Mendenhall, Chase D and Karp, Daniel S and Meyer, Christoph FJ and Hadly, Elizabeth A and Daily, Gretchen C},
  journal={Nature},
  volume={509},
  number={7499},
  pages={213},
  year={2014},
  publisher={Nature Publishing Group}
}

@article{cadotte2017should,
  title={Should environmental filtering be abandoned?},
  author={Cadotte, Marc W and Tucker, Caroline M},
  journal={Trends Ecol. Evol.},
  volume={32},
  number={6},
  pages={429--437},
  year={2017},
  publisher={Elsevier}
}

@article{pornon2016using,
  title={Using metabarcoding to reveal and quantify plant-pollinator interactions},
  author={Pornon, Andr{\'e} and Escaravage, Nathalie and Burrus, Monique and Holota, H{\'e}l{\`e}ne and Khimoun, Aur{\'e}lie and Mariette, J{\'e}rome and Pellizzari, Charl{\`e}ne and Iribar, Amaia and Etienne, Roselyne and Taberlet, Pierre and others},
  journal={Sci. Rep.},
  volume={6},
  pages={27282},
  year={2016},
  publisher={Nature Publishing Group}
}

@article{freilich2018species,
  title={Species co-occurrence networks: Can they reveal trophic and non-trophic interactions in ecological communities?},
  author={Freilich, Mara A and Wieters, Evie and Broitman, Bernardo R and Marquet, Pablo A and Navarrete, Sergio A},
  journal={Ecology},
  volume={99},
  number={3},
  pages={690--699},
  year={2018},
  publisher={Wiley Online Library}
}

@article{maherali2007influence,
  title={Influence of phylogeny on fungal community assembly and ecosystem functioning},
  author={Maherali, Hafiz and Klironomos, John N},
  journal={Science},
  volume={316},
  number={5832},
  pages={1746--1748},
  year={2007},
  publisher={American Association for the Advancement of Science}
}

@article{knelman2014changes,
  title={Changes in community assembly may shift the relationship between biodiversity and ecosystem function},
  author={Knelman, Joseph E and Nemergut, Diana R},
  journal={Front. Microbiol.},
  volume={5},
  pages={424},
  year={2014},
  publisher={Frontiers}
}

@article{loeuille2008evolution,
  title={Evolution in metacommunities: on the relative importance of species sorting and monopolization in structuring communities},
  author={Loeuille, Nicolas and Leibold, Mathew A},
  journal={Am. Nat.},
  volume={171},
  number={6},
  pages={788--799},
  year={2008},
  publisher={The University of Chicago Press}
}

@article{urban2008evolutionary,
  title={The evolutionary ecology of metacommunities},
  author={Urban, Mark C and Leibold, Mathew A and Amarasekare, Priyanga and De Meester, Luc and Gomulkiewicz, Richard and Hochberg, Michael E and Klausmeier, Christopher A and Loeuille, Nicolas and De Mazancourt, Claire and Norberg, Jon and others},
  journal={Trends Ecol. Evol.},
  volume={23},
  number={6},
  pages={311--317},
  year={2008},
  publisher={Elsevier}
}

@article{kartzinel2015dna,
  title={DNA metabarcoding illuminates dietary niche partitioning by African large herbivores},
  author={Kartzinel, Tyler R and Chen, Patricia A and Coverdale, Tyler C and Erickson, David L and Kress, W John and Kuzmina, Maria L and Rubenstein, Daniel I and Wang, Wei and Pringle, Robert M},
  journal={Proc. Natl. Acad. Sci. U.S.A.},
  pages={201503283},
  year={2015},
  publisher={National Acad Sciences}
}

@article{tylianakis2014tipping,
  title={Tipping points in ecological networks},
  author={Tylianakis, Jason M and Coux, Camille},
  journal={Trends in Plant Sci.},
  volume={19},
  number={5},
  pages={281--283},
  year={2014},
  publisher={Elsevier}
}